%YAML 1.1
%TAG !u! tag:unity3d.com,2011:
--- !u!1001 &4814505486185540214
PrefabInstance:
  m_ObjectHideFlags: 0
  serializedVersion: 2
  m_Modification:
    m_TransformParent: {fileID: 0}
    m_Modifications:
    - target: {fileID: 7968737571842063614, guid: 4610189e011b2754ea898d0b879c641f,
        type: 3}
      propertyPath: m_RootOrder
      value: 0
      objectReference: {fileID: 0}
    - target: {fileID: 7968737571842063614, guid: 4610189e011b2754ea898d0b879c641f,
        type: 3}
      propertyPath: m_LocalPosition.x
      value: 0
      objectReference: {fileID: 0}
    - target: {fileID: 7968737571842063614, guid: 4610189e011b2754ea898d0b879c641f,
        type: 3}
      propertyPath: m_LocalPosition.y
      value: 0
      objectReference: {fileID: 0}
    - target: {fileID: 7968737571842063614, guid: 4610189e011b2754ea898d0b879c641f,
        type: 3}
      propertyPath: m_LocalPosition.z
      value: 0
      objectReference: {fileID: 0}
    - target: {fileID: 7968737571842063614, guid: 4610189e011b2754ea898d0b879c641f,
        type: 3}
      propertyPath: m_LocalRotation.w
      value: 1
      objectReference: {fileID: 0}
    - target: {fileID: 7968737571842063614, guid: 4610189e011b2754ea898d0b879c641f,
        type: 3}
      propertyPath: m_LocalRotation.x
      value: 0
      objectReference: {fileID: 0}
    - target: {fileID: 7968737571842063614, guid: 4610189e011b2754ea898d0b879c641f,
        type: 3}
      propertyPath: m_LocalRotation.y
      value: 0
      objectReference: {fileID: 0}
    - target: {fileID: 7968737571842063614, guid: 4610189e011b2754ea898d0b879c641f,
        type: 3}
      propertyPath: m_LocalRotation.z
      value: 0
      objectReference: {fileID: 0}
    - target: {fileID: 7968737571842063614, guid: 4610189e011b2754ea898d0b879c641f,
        type: 3}
      propertyPath: m_LocalEulerAnglesHint.x
      value: 0
      objectReference: {fileID: 0}
    - target: {fileID: 7968737571842063614, guid: 4610189e011b2754ea898d0b879c641f,
        type: 3}
      propertyPath: m_LocalEulerAnglesHint.y
      value: 0
      objectReference: {fileID: 0}
    - target: {fileID: 7968737571842063614, guid: 4610189e011b2754ea898d0b879c641f,
        type: 3}
      propertyPath: m_LocalEulerAnglesHint.z
      value: 0
      objectReference: {fileID: 0}
    - target: {fileID: 7968737571842063615, guid: 4610189e011b2754ea898d0b879c641f,
        type: 3}
      propertyPath: m_Name
      value: Door_World_Entrance_Entity
      objectReference: {fileID: 0}
    m_RemovedComponents: []
  m_SourcePrefab: {fileID: 100100000, guid: 4610189e011b2754ea898d0b879c641f, type: 3}
--- !u!4 &3190285363001911105 stripped
Transform:
  m_CorrespondingSourceObject: {fileID: 7968737570812677431, guid: 4610189e011b2754ea898d0b879c641f,
    type: 3}
  m_PrefabInstance: {fileID: 4814505486185540214}
  m_PrefabAsset: {fileID: 0}
--- !u!1 &3190285364257773193 stripped
GameObject:
  m_CorrespondingSourceObject: {fileID: 7968737571842063615, guid: 4610189e011b2754ea898d0b879c641f,
    type: 3}
  m_PrefabInstance: {fileID: 4814505486185540214}
  m_PrefabAsset: {fileID: 0}
--- !u!114 &1666210046649662432
MonoBehaviour:
  m_ObjectHideFlags: 0
  m_CorrespondingSourceObject: {fileID: 0}
  m_PrefabInstance: {fileID: 0}
  m_PrefabAsset: {fileID: 0}
  m_GameObject: {fileID: 3190285364257773193}
  m_Enabled: 1
  m_EditorHideFlags: 0
  m_Script: {fileID: 11500000, guid: 02b768b4326698e4199eacccfb02ea61, type: 3}
  m_Name: 
  m_EditorClassIdentifier: 
  _hingeObjs:
  - {fileID: 3190285363001911105}
  - {fileID: 3190285364530371135}
  _doorHandleObjs:
  - {fileID: 6941048557483861340}
  - {fileID: 6941048556691425432}
  - {fileID: 6941048556873143994}
  - {fileID: 6941048558134622857}
--- !u!4 &3190285364530371135 stripped
Transform:
  m_CorrespondingSourceObject: {fileID: 7968737571569659977, guid: 4610189e011b2754ea898d0b879c641f,
    type: 3}
  m_PrefabInstance: {fileID: 4814505486185540214}
  m_PrefabAsset: {fileID: 0}
--- !u!4 &6941048556691425432 stripped
Transform:
  m_CorrespondingSourceObject: {fileID: 2486833447253222126, guid: 4610189e011b2754ea898d0b879c641f,
    type: 3}
  m_PrefabInstance: {fileID: 4814505486185540214}
  m_PrefabAsset: {fileID: 0}
--- !u!4 &6941048556873143994 stripped
Transform:
  m_CorrespondingSourceObject: {fileID: 2486833446872906956, guid: 4610189e011b2754ea898d0b879c641f,
    type: 3}
  m_PrefabInstance: {fileID: 4814505486185540214}
  m_PrefabAsset: {fileID: 0}
--- !u!4 &6941048557483861340 stripped
Transform:
  m_CorrespondingSourceObject: {fileID: 2486833448557350698, guid: 4610189e011b2754ea898d0b879c641f,
    type: 3}
  m_PrefabInstance: {fileID: 4814505486185540214}
  m_PrefabAsset: {fileID: 0}
--- !u!4 &6941048558134622857 stripped
Transform:
  m_CorrespondingSourceObject: {fileID: 2486833447891095807, guid: 4610189e011b2754ea898d0b879c641f,
    type: 3}
  m_PrefabInstance: {fileID: 4814505486185540214}
  m_PrefabAsset: {fileID: 0}
