%YAML 1.1
%TAG !u! tag:unity3d.com,2011:
--- !u!1 &4762706201447682185
GameObject:
  m_ObjectHideFlags: 0
  m_CorrespondingSourceObject: {fileID: 0}
  m_PrefabInstance: {fileID: 0}
  m_PrefabAsset: {fileID: 0}
  serializedVersion: 6
  m_Component:
  - component: {fileID: 8111759431856725859}
  - component: {fileID: 3445240276590532274}
  - component: {fileID: 2845242256352210403}
  m_Layer: 0
  m_Name: Door_Hinged_Shadow_Entity
  m_TagString: Untagged
  m_Icon: {fileID: 0}
  m_NavMeshLayer: 0
  m_StaticEditorFlags: 0
  m_IsActive: 1
--- !u!4 &8111759431856725859
Transform:
  m_ObjectHideFlags: 0
  m_CorrespondingSourceObject: {fileID: 0}
  m_PrefabInstance: {fileID: 0}
  m_PrefabAsset: {fileID: 0}
  m_GameObject: {fileID: 4762706201447682185}
  m_LocalRotation: {x: 0, y: 0, z: 0, w: 1}
  m_LocalPosition: {x: 0, y: 0, z: 0}
  m_LocalScale: {x: 1, y: 1, z: 1}
  m_ConstrainProportionsScale: 0
  m_Children:
  - {fileID: 3710009767633971342}
  m_Father: {fileID: 0}
  m_RootOrder: 0
  m_LocalEulerAnglesHint: {x: 0, y: 0, z: 0}
--- !u!114 &3445240276590532274
MonoBehaviour:
  m_ObjectHideFlags: 0
  m_CorrespondingSourceObject: {fileID: 0}
  m_PrefabInstance: {fileID: 0}
  m_PrefabAsset: {fileID: 0}
  m_GameObject: {fileID: 4762706201447682185}
  m_Enabled: 1
  m_EditorHideFlags: 0
  m_Script: {fileID: 11500000, guid: 0d746f4949248d84d9561576070e7014, type: 3}
  m_Name: 
  m_EditorClassIdentifier: 
  _entityId: 
  _entityToShadowId: 
  _lockObject: {fileID: 6062194338020332785}
--- !u!114 &2845242256352210403
MonoBehaviour:
  m_ObjectHideFlags: 0
  m_CorrespondingSourceObject: {fileID: 0}
  m_PrefabInstance: {fileID: 0}
  m_PrefabAsset: {fileID: 0}
  m_GameObject: {fileID: 4762706201447682185}
  m_Enabled: 1
  m_EditorHideFlags: 0
  m_Script: {fileID: 11500000, guid: 136094e494660094284863b9f0ee4b87, type: 3}
  m_Name: 
  m_EditorClassIdentifier: 
  _canUsePortals: 0
  _portalSuckInEnabled: 0
--- !u!1 &6062194338020332785
GameObject:
  m_ObjectHideFlags: 0
  m_CorrespondingSourceObject: {fileID: 0}
  m_PrefabInstance: {fileID: 0}
  m_PrefabAsset: {fileID: 0}
  serializedVersion: 6
  m_Component:
  - component: {fileID: 6073805030581361849}
  m_Layer: 0
  m_Name: Lock
  m_TagString: Untagged
  m_Icon: {fileID: 0}
  m_NavMeshLayer: 0
  m_StaticEditorFlags: 0
  m_IsActive: 1
--- !u!4 &6073805030581361849
Transform:
  m_ObjectHideFlags: 0
  m_CorrespondingSourceObject: {fileID: 0}
  m_PrefabInstance: {fileID: 0}
  m_PrefabAsset: {fileID: 0}
  m_GameObject: {fileID: 6062194338020332785}
  m_LocalRotation: {x: 0, y: 0, z: 0, w: 1}
  m_LocalPosition: {x: -0.5185, y: 0.034, z: 0}
  m_LocalScale: {x: 1, y: 1, z: 1}
  m_ConstrainProportionsScale: 0
  m_Children:
  - {fileID: 105001992647295089}
  - {fileID: 7641839776769520345}
  m_Father: {fileID: 3710009767633971342}
  m_RootOrder: 1
  m_LocalEulerAnglesHint: {x: 0, y: 0, z: 0}
--- !u!1 &6134663212062694781
GameObject:
  m_ObjectHideFlags: 0
  m_CorrespondingSourceObject: {fileID: 0}
  m_PrefabInstance: {fileID: 0}
  m_PrefabAsset: {fileID: 0}
  serializedVersion: 6
  m_Component:
  - component: {fileID: 3710009767633971342}
  m_Layer: 0
  m_Name: Hinge
  m_TagString: Untagged
  m_Icon: {fileID: 0}
  m_NavMeshLayer: 0
  m_StaticEditorFlags: 0
  m_IsActive: 1
--- !u!4 &3710009767633971342
Transform:
  m_ObjectHideFlags: 0
  m_CorrespondingSourceObject: {fileID: 0}
  m_PrefabInstance: {fileID: 0}
  m_PrefabAsset: {fileID: 0}
  m_GameObject: {fileID: 6134663212062694781}
  m_LocalRotation: {x: 0, y: 0, z: 0, w: 1}
  m_LocalPosition: {x: 0.5, y: 1.2, z: 0.100000024}
  m_LocalScale: {x: 1, y: 1, z: 1}
  m_ConstrainProportionsScale: 0
  m_Children:
  - {fileID: 3518136746292572833}
  - {fileID: 6073805030581361849}
  m_Father: {fileID: 8111759431856725859}
  m_RootOrder: 0
  m_LocalEulerAnglesHint: {x: 0, y: 0, z: 0}
--- !u!1001 &3056389386076440321
PrefabInstance:
  m_ObjectHideFlags: 0
  serializedVersion: 2
  m_Modification:
    m_TransformParent: {fileID: 6073805030581361849}
    m_Modifications:
    - target: {fileID: 492336032378885452, guid: c82b703d5b65b284f8299d4ca79d34b4,
        type: 3}
      propertyPath: m_IsActive
      value: 0
      objectReference: {fileID: 0}
    - target: {fileID: 1338917961149312953, guid: c82b703d5b65b284f8299d4ca79d34b4,
        type: 3}
      propertyPath: m_Name
      value: Lock (1)
      objectReference: {fileID: 0}
    - target: {fileID: 4640745277132666328, guid: c82b703d5b65b284f8299d4ca79d34b4,
        type: 3}
      propertyPath: m_RootOrder
      value: 1
      objectReference: {fileID: 0}
    - target: {fileID: 4640745277132666328, guid: c82b703d5b65b284f8299d4ca79d34b4,
        type: 3}
      propertyPath: m_LocalPosition.x
      value: 0
      objectReference: {fileID: 0}
    - target: {fileID: 4640745277132666328, guid: c82b703d5b65b284f8299d4ca79d34b4,
        type: 3}
      propertyPath: m_LocalPosition.y
      value: 0
      objectReference: {fileID: 0}
    - target: {fileID: 4640745277132666328, guid: c82b703d5b65b284f8299d4ca79d34b4,
        type: 3}
      propertyPath: m_LocalPosition.z
      value: -0.0713
      objectReference: {fileID: 0}
    - target: {fileID: 4640745277132666328, guid: c82b703d5b65b284f8299d4ca79d34b4,
        type: 3}
      propertyPath: m_LocalRotation.w
      value: 0.7071068
      objectReference: {fileID: 0}
    - target: {fileID: 4640745277132666328, guid: c82b703d5b65b284f8299d4ca79d34b4,
        type: 3}
      propertyPath: m_LocalRotation.x
      value: 0
      objectReference: {fileID: 0}
    - target: {fileID: 4640745277132666328, guid: c82b703d5b65b284f8299d4ca79d34b4,
        type: 3}
      propertyPath: m_LocalRotation.y
      value: -0.7071068
      objectReference: {fileID: 0}
    - target: {fileID: 4640745277132666328, guid: c82b703d5b65b284f8299d4ca79d34b4,
        type: 3}
      propertyPath: m_LocalRotation.z
      value: 0
      objectReference: {fileID: 0}
    - target: {fileID: 4640745277132666328, guid: c82b703d5b65b284f8299d4ca79d34b4,
        type: 3}
      propertyPath: m_LocalEulerAnglesHint.x
      value: 0
      objectReference: {fileID: 0}
    - target: {fileID: 4640745277132666328, guid: c82b703d5b65b284f8299d4ca79d34b4,
        type: 3}
      propertyPath: m_LocalEulerAnglesHint.y
      value: -90
      objectReference: {fileID: 0}
    - target: {fileID: 4640745277132666328, guid: c82b703d5b65b284f8299d4ca79d34b4,
        type: 3}
      propertyPath: m_LocalEulerAnglesHint.z
      value: 0
      objectReference: {fileID: 0}
    m_RemovedComponents:
    - {fileID: 8339047565896140158, guid: c82b703d5b65b284f8299d4ca79d34b4, type: 3}
  m_SourcePrefab: {fileID: 100100000, guid: c82b703d5b65b284f8299d4ca79d34b4, type: 3}
--- !u!4 &7641839776769520345 stripped
Transform:
  m_CorrespondingSourceObject: {fileID: 4640745277132666328, guid: c82b703d5b65b284f8299d4ca79d34b4,
    type: 3}
  m_PrefabInstance: {fileID: 3056389386076440321}
  m_PrefabAsset: {fileID: 0}
--- !u!1001 &4688871719142897065
PrefabInstance:
  m_ObjectHideFlags: 0
  serializedVersion: 2
  m_Modification:
    m_TransformParent: {fileID: 6073805030581361849}
    m_Modifications:
    - target: {fileID: 492336032378885452, guid: c82b703d5b65b284f8299d4ca79d34b4,
        type: 3}
      propertyPath: m_IsActive
      value: 0
      objectReference: {fileID: 0}
    - target: {fileID: 1338917961149312953, guid: c82b703d5b65b284f8299d4ca79d34b4,
        type: 3}
      propertyPath: m_Name
      value: Lock
      objectReference: {fileID: 0}
    - target: {fileID: 4640745277132666328, guid: c82b703d5b65b284f8299d4ca79d34b4,
        type: 3}
      propertyPath: m_RootOrder
      value: 0
      objectReference: {fileID: 0}
    - target: {fileID: 4640745277132666328, guid: c82b703d5b65b284f8299d4ca79d34b4,
        type: 3}
      propertyPath: m_LocalPosition.x
      value: 0
      objectReference: {fileID: 0}
    - target: {fileID: 4640745277132666328, guid: c82b703d5b65b284f8299d4ca79d34b4,
        type: 3}
      propertyPath: m_LocalPosition.y
      value: 0
      objectReference: {fileID: 0}
    - target: {fileID: 4640745277132666328, guid: c82b703d5b65b284f8299d4ca79d34b4,
        type: 3}
      propertyPath: m_LocalPosition.z
      value: 0.0121
      objectReference: {fileID: 0}
    - target: {fileID: 4640745277132666328, guid: c82b703d5b65b284f8299d4ca79d34b4,
        type: 3}
      propertyPath: m_LocalRotation.w
      value: 0.7071068
      objectReference: {fileID: 0}
    - target: {fileID: 4640745277132666328, guid: c82b703d5b65b284f8299d4ca79d34b4,
        type: 3}
      propertyPath: m_LocalRotation.x
      value: 0
      objectReference: {fileID: 0}
    - target: {fileID: 4640745277132666328, guid: c82b703d5b65b284f8299d4ca79d34b4,
        type: 3}
      propertyPath: m_LocalRotation.y
      value: 0.7071068
      objectReference: {fileID: 0}
    - target: {fileID: 4640745277132666328, guid: c82b703d5b65b284f8299d4ca79d34b4,
        type: 3}
      propertyPath: m_LocalRotation.z
      value: 0
      objectReference: {fileID: 0}
    - target: {fileID: 4640745277132666328, guid: c82b703d5b65b284f8299d4ca79d34b4,
        type: 3}
      propertyPath: m_LocalEulerAnglesHint.x
      value: 0
      objectReference: {fileID: 0}
    - target: {fileID: 4640745277132666328, guid: c82b703d5b65b284f8299d4ca79d34b4,
        type: 3}
      propertyPath: m_LocalEulerAnglesHint.y
      value: 90
      objectReference: {fileID: 0}
    - target: {fileID: 4640745277132666328, guid: c82b703d5b65b284f8299d4ca79d34b4,
        type: 3}
      propertyPath: m_LocalEulerAnglesHint.z
      value: 0
      objectReference: {fileID: 0}
    m_RemovedComponents:
    - {fileID: 8339047565896140158, guid: c82b703d5b65b284f8299d4ca79d34b4, type: 3}
  m_SourcePrefab: {fileID: 100100000, guid: c82b703d5b65b284f8299d4ca79d34b4, type: 3}
--- !u!4 &105001992647295089 stripped
Transform:
  m_CorrespondingSourceObject: {fileID: 4640745277132666328, guid: c82b703d5b65b284f8299d4ca79d34b4,
    type: 3}
  m_PrefabInstance: {fileID: 4688871719142897065}
  m_PrefabAsset: {fileID: 0}
--- !u!1001 &4833646602807663834
PrefabInstance:
  m_ObjectHideFlags: 0
  serializedVersion: 2
  m_Modification:
    m_TransformParent: {fileID: 3710009767633971342}
    m_Modifications:
    - target: {fileID: 1025352876160960388, guid: cc271e4307ea96547a56eef941c9b954,
        type: 3}
      propertyPath: m_Materials.Array.data[0]
      value: 
      objectReference: {fileID: 2100000, guid: 3cdde1f345a78f3429c5d772f8a4f22f, type: 2}
    - target: {fileID: 5073634957620737507, guid: cc271e4307ea96547a56eef941c9b954,
        type: 3}
      propertyPath: m_Name
      value: Door_parent_A_L
      objectReference: {fileID: 0}
    - target: {fileID: 5646093670460776697, guid: cc271e4307ea96547a56eef941c9b954,
        type: 3}
      propertyPath: m_IsActive
      value: 0
      objectReference: {fileID: 0}
    - target: {fileID: 8342462298532327035, guid: cc271e4307ea96547a56eef941c9b954,
        type: 3}
      propertyPath: m_RootOrder
      value: 0
      objectReference: {fileID: 0}
    - target: {fileID: 8342462298532327035, guid: cc271e4307ea96547a56eef941c9b954,
        type: 3}
      propertyPath: m_LocalPosition.x
      value: 0
      objectReference: {fileID: 0}
    - target: {fileID: 8342462298532327035, guid: cc271e4307ea96547a56eef941c9b954,
        type: 3}
      propertyPath: m_LocalPosition.y
      value: -1.2
      objectReference: {fileID: 0}
    - target: {fileID: 8342462298532327035, guid: cc271e4307ea96547a56eef941c9b954,
        type: 3}
      propertyPath: m_LocalPosition.z
      value: 0
      objectReference: {fileID: 0}
    - target: {fileID: 8342462298532327035, guid: cc271e4307ea96547a56eef941c9b954,
        type: 3}
      propertyPath: m_LocalRotation.w
      value: 0
      objectReference: {fileID: 0}
    - target: {fileID: 8342462298532327035, guid: cc271e4307ea96547a56eef941c9b954,
        type: 3}
      propertyPath: m_LocalRotation.x
      value: -0
      objectReference: {fileID: 0}
    - target: {fileID: 8342462298532327035, guid: cc271e4307ea96547a56eef941c9b954,
        type: 3}
      propertyPath: m_LocalRotation.y
      value: 1
      objectReference: {fileID: 0}
    - target: {fileID: 8342462298532327035, guid: cc271e4307ea96547a56eef941c9b954,
        type: 3}
      propertyPath: m_LocalRotation.z
      value: -0
      objectReference: {fileID: 0}
    - target: {fileID: 8342462298532327035, guid: cc271e4307ea96547a56eef941c9b954,
        type: 3}
      propertyPath: m_LocalEulerAnglesHint.x
      value: 0
      objectReference: {fileID: 0}
    - target: {fileID: 8342462298532327035, guid: cc271e4307ea96547a56eef941c9b954,
        type: 3}
      propertyPath: m_LocalEulerAnglesHint.y
      value: 180
      objectReference: {fileID: 0}
    - target: {fileID: 8342462298532327035, guid: cc271e4307ea96547a56eef941c9b954,
        type: 3}
      propertyPath: m_LocalEulerAnglesHint.z
      value: 0
      objectReference: {fileID: 0}
    m_RemovedComponents: []
  m_SourcePrefab: {fileID: 100100000, guid: cc271e4307ea96547a56eef941c9b954, type: 3}
--- !u!4 &3518136746292572833 stripped
Transform:
  m_CorrespondingSourceObject: {fileID: 8342462298532327035, guid: cc271e4307ea96547a56eef941c9b954,
    type: 3}
  m_PrefabInstance: {fileID: 4833646602807663834}
  m_PrefabAsset: {fileID: 0}
