%YAML 1.1
%TAG !u! tag:unity3d.com,2011:
--- !u!1 &1504911829069344283
GameObject:
  m_ObjectHideFlags: 0
  m_CorrespondingSourceObject: {fileID: 0}
  m_PrefabInstance: {fileID: 0}
  m_PrefabAsset: {fileID: 0}
  serializedVersion: 6
  m_Component:
  - component: {fileID: 44678943350469521}
  m_Layer: 8
  m_Name: Door_Hinged A_L
  m_TagString: Untagged
  m_Icon: {fileID: 0}
  m_NavMeshLayer: 0
  m_StaticEditorFlags: 0
  m_IsActive: 1
--- !u!4 &44678943350469521
Transform:
  m_ObjectHideFlags: 0
  m_CorrespondingSourceObject: {fileID: 0}
  m_PrefabInstance: {fileID: 0}
  m_PrefabAsset: {fileID: 0}
  m_GameObject: {fileID: 1504911829069344283}
  m_LocalRotation: {x: 0, y: 0, z: 0, w: 1}
  m_LocalPosition: {x: 0, y: 0, z: 0}
  m_LocalScale: {x: 1, y: 1, z: 1}
  m_ConstrainProportionsScale: 0
  m_Children:
  - {fileID: 8390214836967765100}
  - {fileID: 8970326964025660062}
  - {fileID: 8970326963060680674}
  m_Father: {fileID: 0}
  m_RootOrder: 0
  m_LocalEulerAnglesHint: {x: 0, y: 0, z: 0}
--- !u!1 &1760758356396636022
GameObject:
  m_ObjectHideFlags: 0
  m_CorrespondingSourceObject: {fileID: 0}
  m_PrefabInstance: {fileID: 0}
  m_PrefabAsset: {fileID: 0}
  serializedVersion: 6
  m_Component:
  - component: {fileID: 8390214836967765100}
  - component: {fileID: 135974459330345601}
  m_Layer: 8
  m_Name: Hinge Holder
  m_TagString: Untagged
  m_Icon: {fileID: 0}
  m_NavMeshLayer: 0
  m_StaticEditorFlags: 0
  m_IsActive: 1
--- !u!4 &8390214836967765100
Transform:
  m_ObjectHideFlags: 0
  m_CorrespondingSourceObject: {fileID: 0}
  m_PrefabInstance: {fileID: 0}
  m_PrefabAsset: {fileID: 0}
  m_GameObject: {fileID: 1760758356396636022}
  m_LocalRotation: {x: 0, y: 0, z: 0, w: 1}
  m_LocalPosition: {x: 0, y: 0, z: 0}
  m_LocalScale: {x: 1, y: 1, z: 1}
  m_ConstrainProportionsScale: 0
  m_Children: []
  m_Father: {fileID: 44678943350469521}
  m_RootOrder: 0
  m_LocalEulerAnglesHint: {x: 0, y: 0, z: 0}
--- !u!54 &135974459330345601
Rigidbody:
  m_ObjectHideFlags: 0
  m_CorrespondingSourceObject: {fileID: 0}
  m_PrefabInstance: {fileID: 0}
  m_PrefabAsset: {fileID: 0}
  m_GameObject: {fileID: 1760758356396636022}
  serializedVersion: 2
  m_Mass: 100
  m_Drag: 0
  m_AngularDrag: 0.05
  m_UseGravity: 0
  m_IsKinematic: 1
  m_Interpolate: 0
  m_Constraints: 126
  m_CollisionDetection: 3
--- !u!1 &8970326964025660063
GameObject:
  m_ObjectHideFlags: 0
  m_CorrespondingSourceObject: {fileID: 0}
  m_PrefabInstance: {fileID: 0}
  m_PrefabAsset: {fileID: 0}
  serializedVersion: 6
  m_Component:
  - component: {fileID: 8970326964025660062}
  - component: {fileID: 8970326964025660060}
  - component: {fileID: 8970326964025660061}
  - component: {fileID: 8970326964025660059}
  - component: {fileID: 204862896614205675}
  m_Layer: 8
  m_Name: Hinge
  m_TagString: Untagged
  m_Icon: {fileID: 0}
  m_NavMeshLayer: 0
  m_StaticEditorFlags: 0
  m_IsActive: 1
--- !u!4 &8970326964025660062
Transform:
  m_ObjectHideFlags: 0
  m_CorrespondingSourceObject: {fileID: 0}
  m_PrefabInstance: {fileID: 0}
  m_PrefabAsset: {fileID: 0}
  m_GameObject: {fileID: 8970326964025660063}
  m_LocalRotation: {x: -0, y: -0, z: -0, w: 1}
  m_LocalPosition: {x: 0.5, y: 1.2, z: 0.100000024}
  m_LocalScale: {x: 1, y: 1, z: 1}
  m_ConstrainProportionsScale: 0
  m_Children:
  - {fileID: 1133607045494566898}
  - {fileID: 8970326964033955242}
  - {fileID: 5697726813065718882}
  m_Father: {fileID: 44678943350469521}
  m_RootOrder: 1
  m_LocalEulerAnglesHint: {x: 0, y: 0, z: 0}
--- !u!54 &8970326964025660060
Rigidbody:
  m_ObjectHideFlags: 0
  m_CorrespondingSourceObject: {fileID: 0}
  m_PrefabInstance: {fileID: 0}
  m_PrefabAsset: {fileID: 0}
  m_GameObject: {fileID: 8970326964025660063}
  serializedVersion: 2
  m_Mass: 20
  m_Drag: 0
  m_AngularDrag: 0.05
  m_UseGravity: 0
  m_IsKinematic: 0
  m_Interpolate: 0
  m_Constraints: 0
  m_CollisionDetection: 3
--- !u!59 &8970326964025660061
HingeJoint:
  m_ObjectHideFlags: 0
  m_CorrespondingSourceObject: {fileID: 0}
  m_PrefabInstance: {fileID: 0}
  m_PrefabAsset: {fileID: 0}
  m_GameObject: {fileID: 8970326964025660063}
  m_ConnectedBody: {fileID: 135974459330345601}
  m_ConnectedArticulationBody: {fileID: 0}
  m_Anchor: {x: 0, y: 0, z: 0}
  m_Axis: {x: 0, y: 1, z: 0}
  m_AutoConfigureConnectedAnchor: 0
  m_ConnectedAnchor: {x: 0.5, y: 1.2, z: 0.100000024}
  m_UseSpring: 0
  m_Spring:
    spring: 0
    damper: 0
    targetPosition: 0
  m_UseMotor: 0
  m_Motor:
    targetVelocity: 0
    force: 0
    freeSpin: 0
  m_UseLimits: 1
  m_Limits:
    min: 0
    max: 130
    bounciness: 0.1
    bounceMinVelocity: 0.05
    contactDistance: 0
  m_BreakForce: Infinity
  m_BreakTorque: Infinity
  m_EnableCollision: 0
  m_EnablePreprocessing: 1
  m_MassScale: 1
  m_ConnectedMassScale: 1
--- !u!114 &8970326964025660059
MonoBehaviour:
  m_ObjectHideFlags: 0
  m_CorrespondingSourceObject: {fileID: 0}
  m_PrefabInstance: {fileID: 0}
  m_PrefabAsset: {fileID: 0}
  m_GameObject: {fileID: 8970326964025660063}
  m_Enabled: 1
  m_EditorHideFlags: 0
  m_Script: {fileID: 11500000, guid: 2c8c0de1f1d2749439b3eb2731ba106c, type: 3}
  m_Name: 
  m_EditorClassIdentifier: 
  _serializeComponent:
    _useInline: 1
    _inlineValue: 0
    _variable: {fileID: 0}
  _latchOnClose:
    _useInline: 1
    _inlineValue: 1
    _variable: {fileID: 0}
  _latchedMinAngle:
    _useInline: 1
    _inlineValue: 0
    _variable: {fileID: 0}
  _latchedMaxAngle:
    _useInline: 1
    _inlineValue: 0.5
    _variable: {fileID: 0}
  _openClockwise:
    _useInline: 1
    _inlineValue: 1
    _variable: {fileID: 0}
  _openCloseMotorForce:
    _useInline: 1
    _inlineValue: 100
    _variable: {fileID: 0}
  _interactableObj: {fileID: 0}
  _dragMotorForce:
    _useInline: 1
    _inlineValue: 500
    _variable: {fileID: 0}
  _dragMotorMaxSpeed:
    _useInline: 1
    _inlineValue: 180
    _variable: {fileID: 0}
--- !u!114 &204862896614205675
MonoBehaviour:
  m_ObjectHideFlags: 0
  m_CorrespondingSourceObject: {fileID: 0}
  m_PrefabInstance: {fileID: 0}
  m_PrefabAsset: {fileID: 0}
  m_GameObject: {fileID: 8970326964025660063}
  m_Enabled: 1
  m_EditorHideFlags: 0
  m_Script: {fileID: 11500000, guid: 6a102fe48d936184c866cda187440cd9, type: 3}
  m_Name: 
  m_EditorClassIdentifier: 
  _interactableObjs:
  - {fileID: 8970326964033955242}
  - {fileID: 5697726813065718882}
--- !u!1001 &218355419583785677
PrefabInstance:
  m_ObjectHideFlags: 0
  serializedVersion: 2
  m_Modification:
    m_TransformParent: {fileID: 8970326964025660062}
    m_Modifications:
    - target: {fileID: 5482469822720804526, guid: 46e2a3f32f1f74149af25c7bd410eef7,
        type: 3}
      propertyPath: m_Name
      value: Door Interactable Handle (1)
      objectReference: {fileID: 0}
    - target: {fileID: 5482469822720804527, guid: 46e2a3f32f1f74149af25c7bd410eef7,
        type: 3}
      propertyPath: m_RootOrder
      value: 2
      objectReference: {fileID: 0}
    - target: {fileID: 5482469822720804527, guid: 46e2a3f32f1f74149af25c7bd410eef7,
        type: 3}
      propertyPath: m_LocalPosition.x
      value: -0.9666
      objectReference: {fileID: 0}
    - target: {fileID: 5482469822720804527, guid: 46e2a3f32f1f74149af25c7bd410eef7,
        type: 3}
      propertyPath: m_LocalPosition.y
      value: -0.2013
      objectReference: {fileID: 0}
    - target: {fileID: 5482469822720804527, guid: 46e2a3f32f1f74149af25c7bd410eef7,
        type: 3}
      propertyPath: m_LocalPosition.z
      value: -0.1135
      objectReference: {fileID: 0}
    - target: {fileID: 5482469822720804527, guid: 46e2a3f32f1f74149af25c7bd410eef7,
        type: 3}
      propertyPath: m_LocalRotation.w
      value: 1
      objectReference: {fileID: 0}
    - target: {fileID: 5482469822720804527, guid: 46e2a3f32f1f74149af25c7bd410eef7,
        type: 3}
      propertyPath: m_LocalRotation.x
      value: 0
      objectReference: {fileID: 0}
    - target: {fileID: 5482469822720804527, guid: 46e2a3f32f1f74149af25c7bd410eef7,
        type: 3}
      propertyPath: m_LocalRotation.y
      value: 0
      objectReference: {fileID: 0}
    - target: {fileID: 5482469822720804527, guid: 46e2a3f32f1f74149af25c7bd410eef7,
        type: 3}
      propertyPath: m_LocalRotation.z
      value: 0
      objectReference: {fileID: 0}
    - target: {fileID: 5482469822720804527, guid: 46e2a3f32f1f74149af25c7bd410eef7,
        type: 3}
      propertyPath: m_LocalEulerAnglesHint.x
      value: 0
      objectReference: {fileID: 0}
    - target: {fileID: 5482469822720804527, guid: 46e2a3f32f1f74149af25c7bd410eef7,
        type: 3}
      propertyPath: m_LocalEulerAnglesHint.y
      value: 0
      objectReference: {fileID: 0}
    - target: {fileID: 5482469822720804527, guid: 46e2a3f32f1f74149af25c7bd410eef7,
        type: 3}
      propertyPath: m_LocalEulerAnglesHint.z
      value: 0
      objectReference: {fileID: 0}
    m_RemovedComponents: []
  m_SourcePrefab: {fileID: 100100000, guid: 46e2a3f32f1f74149af25c7bd410eef7, type: 3}
--- !u!4 &5697726813065718882 stripped
Transform:
  m_CorrespondingSourceObject: {fileID: 5482469822720804527, guid: 46e2a3f32f1f74149af25c7bd410eef7,
    type: 3}
  m_PrefabInstance: {fileID: 218355419583785677}
  m_PrefabAsset: {fileID: 0}
--- !u!1001 &3488219989847614213
PrefabInstance:
  m_ObjectHideFlags: 0
  serializedVersion: 2
  m_Modification:
    m_TransformParent: {fileID: 8970326964025660062}
    m_Modifications:
    - target: {fileID: 5482469822720804526, guid: 46e2a3f32f1f74149af25c7bd410eef7,
        type: 3}
      propertyPath: m_Name
      value: Door Interactable Handle
      objectReference: {fileID: 0}
    - target: {fileID: 5482469822720804527, guid: 46e2a3f32f1f74149af25c7bd410eef7,
        type: 3}
      propertyPath: m_RootOrder
      value: 1
      objectReference: {fileID: 0}
    - target: {fileID: 5482469822720804527, guid: 46e2a3f32f1f74149af25c7bd410eef7,
        type: 3}
      propertyPath: m_LocalPosition.x
      value: -0.9666
      objectReference: {fileID: 0}
    - target: {fileID: 5482469822720804527, guid: 46e2a3f32f1f74149af25c7bd410eef7,
        type: 3}
      propertyPath: m_LocalPosition.y
      value: -0.2013
      objectReference: {fileID: 0}
    - target: {fileID: 5482469822720804527, guid: 46e2a3f32f1f74149af25c7bd410eef7,
        type: 3}
      propertyPath: m_LocalPosition.z
      value: 0.0509
      objectReference: {fileID: 0}
    - target: {fileID: 5482469822720804527, guid: 46e2a3f32f1f74149af25c7bd410eef7,
        type: 3}
      propertyPath: m_LocalRotation.w
      value: 1
      objectReference: {fileID: 0}
    - target: {fileID: 5482469822720804527, guid: 46e2a3f32f1f74149af25c7bd410eef7,
        type: 3}
      propertyPath: m_LocalRotation.x
      value: 0
      objectReference: {fileID: 0}
    - target: {fileID: 5482469822720804527, guid: 46e2a3f32f1f74149af25c7bd410eef7,
        type: 3}
      propertyPath: m_LocalRotation.y
      value: 0
      objectReference: {fileID: 0}
    - target: {fileID: 5482469822720804527, guid: 46e2a3f32f1f74149af25c7bd410eef7,
        type: 3}
      propertyPath: m_LocalRotation.z
      value: 0
      objectReference: {fileID: 0}
    - target: {fileID: 5482469822720804527, guid: 46e2a3f32f1f74149af25c7bd410eef7,
        type: 3}
      propertyPath: m_LocalEulerAnglesHint.x
      value: 0
      objectReference: {fileID: 0}
    - target: {fileID: 5482469822720804527, guid: 46e2a3f32f1f74149af25c7bd410eef7,
        type: 3}
      propertyPath: m_LocalEulerAnglesHint.y
      value: 0
      objectReference: {fileID: 0}
    - target: {fileID: 5482469822720804527, guid: 46e2a3f32f1f74149af25c7bd410eef7,
        type: 3}
      propertyPath: m_LocalEulerAnglesHint.z
      value: 0
      objectReference: {fileID: 0}
    m_RemovedComponents: []
  m_SourcePrefab: {fileID: 100100000, guid: 46e2a3f32f1f74149af25c7bd410eef7, type: 3}
--- !u!4 &8970326964033955242 stripped
Transform:
  m_CorrespondingSourceObject: {fileID: 5482469822720804527, guid: 46e2a3f32f1f74149af25c7bd410eef7,
    type: 3}
  m_PrefabInstance: {fileID: 3488219989847614213}
  m_PrefabAsset: {fileID: 0}
--- !u!1001 &7731837486819659030
PrefabInstance:
  m_ObjectHideFlags: 0
  serializedVersion: 2
  m_Modification:
    m_TransformParent: {fileID: 44678943350469521}
    m_Modifications:
    - target: {fileID: 1670837532846746356, guid: 26e16196148671d49822df7663432333,
        type: 3}
      propertyPath: m_RootOrder
      value: 2
      objectReference: {fileID: 0}
    - target: {fileID: 1670837532846746356, guid: 26e16196148671d49822df7663432333,
        type: 3}
      propertyPath: m_LocalPosition.x
      value: -0.5251
      objectReference: {fileID: 0}
    - target: {fileID: 1670837532846746356, guid: 26e16196148671d49822df7663432333,
        type: 3}
      propertyPath: m_LocalPosition.y
      value: 0.9566
      objectReference: {fileID: 0}
    - target: {fileID: 1670837532846746356, guid: 26e16196148671d49822df7663432333,
        type: 3}
      propertyPath: m_LocalPosition.z
      value: 0.06910002
      objectReference: {fileID: 0}
    - target: {fileID: 1670837532846746356, guid: 26e16196148671d49822df7663432333,
        type: 3}
      propertyPath: m_LocalRotation.w
      value: 1
      objectReference: {fileID: 0}
    - target: {fileID: 1670837532846746356, guid: 26e16196148671d49822df7663432333,
        type: 3}
      propertyPath: m_LocalRotation.x
      value: -0
      objectReference: {fileID: 0}
    - target: {fileID: 1670837532846746356, guid: 26e16196148671d49822df7663432333,
        type: 3}
      propertyPath: m_LocalRotation.y
      value: -0
      objectReference: {fileID: 0}
    - target: {fileID: 1670837532846746356, guid: 26e16196148671d49822df7663432333,
        type: 3}
      propertyPath: m_LocalRotation.z
      value: -0
      objectReference: {fileID: 0}
    - target: {fileID: 1670837532846746356, guid: 26e16196148671d49822df7663432333,
        type: 3}
      propertyPath: m_LocalEulerAnglesHint.x
      value: 0
      objectReference: {fileID: 0}
    - target: {fileID: 1670837532846746356, guid: 26e16196148671d49822df7663432333,
        type: 3}
      propertyPath: m_LocalEulerAnglesHint.y
      value: 0
      objectReference: {fileID: 0}
    - target: {fileID: 1670837532846746356, guid: 26e16196148671d49822df7663432333,
        type: 3}
      propertyPath: m_LocalEulerAnglesHint.z
      value: 0
      objectReference: {fileID: 0}
    - target: {fileID: 1670837532846746357, guid: 26e16196148671d49822df7663432333,
        type: 3}
      propertyPath: m_Name
      value: Door Audio
      objectReference: {fileID: 0}
    - target: {fileID: 1670837532846746358, guid: 26e16196148671d49822df7663432333,
        type: 3}
      propertyPath: _hingeObj
      value: 
      objectReference: {fileID: 8970326964025660062}
    m_RemovedComponents: []
  m_SourcePrefab: {fileID: 100100000, guid: 26e16196148671d49822df7663432333, type: 3}
--- !u!4 &8970326963060680674 stripped
Transform:
  m_CorrespondingSourceObject: {fileID: 1670837532846746356, guid: 26e16196148671d49822df7663432333,
    type: 3}
  m_PrefabInstance: {fileID: 7731837486819659030}
  m_PrefabAsset: {fileID: 0}
--- !u!1001 &8970326963416646025
PrefabInstance:
  m_ObjectHideFlags: 0
  serializedVersion: 2
  m_Modification:
    m_TransformParent: {fileID: 8970326964025660062}
    m_Modifications:
    - target: {fileID: 5073634957620737507, guid: cc271e4307ea96547a56eef941c9b954,
        type: 3}
      propertyPath: m_Name
      value: Door_parent_A_L
      objectReference: {fileID: 0}
    - target: {fileID: 5646093670460776697, guid: cc271e4307ea96547a56eef941c9b954,
        type: 3}
      propertyPath: m_Layer
      value: 8
      objectReference: {fileID: 0}
    - target: {fileID: 8342462298532327035, guid: cc271e4307ea96547a56eef941c9b954,
        type: 3}
      propertyPath: m_RootOrder
      value: 0
      objectReference: {fileID: 0}
    - target: {fileID: 8342462298532327035, guid: cc271e4307ea96547a56eef941c9b954,
        type: 3}
      propertyPath: m_LocalPosition.x
      value: 0
      objectReference: {fileID: 0}
    - target: {fileID: 8342462298532327035, guid: cc271e4307ea96547a56eef941c9b954,
        type: 3}
      propertyPath: m_LocalPosition.y
      value: -1.2
      objectReference: {fileID: 0}
    - target: {fileID: 8342462298532327035, guid: cc271e4307ea96547a56eef941c9b954,
        type: 3}
      propertyPath: m_LocalPosition.z
      value: 0
      objectReference: {fileID: 0}
    - target: {fileID: 8342462298532327035, guid: cc271e4307ea96547a56eef941c9b954,
        type: 3}
      propertyPath: m_LocalRotation.w
      value: 0
      objectReference: {fileID: 0}
    - target: {fileID: 8342462298532327035, guid: cc271e4307ea96547a56eef941c9b954,
        type: 3}
      propertyPath: m_LocalRotation.x
      value: 0
      objectReference: {fileID: 0}
    - target: {fileID: 8342462298532327035, guid: cc271e4307ea96547a56eef941c9b954,
        type: 3}
      propertyPath: m_LocalRotation.y
      value: 1
      objectReference: {fileID: 0}
    - target: {fileID: 8342462298532327035, guid: cc271e4307ea96547a56eef941c9b954,
        type: 3}
      propertyPath: m_LocalRotation.z
      value: 0
      objectReference: {fileID: 0}
    - target: {fileID: 8342462298532327035, guid: cc271e4307ea96547a56eef941c9b954,
        type: 3}
      propertyPath: m_LocalEulerAnglesHint.x
      value: 0
      objectReference: {fileID: 0}
    - target: {fileID: 8342462298532327035, guid: cc271e4307ea96547a56eef941c9b954,
        type: 3}
      propertyPath: m_LocalEulerAnglesHint.y
      value: 180
      objectReference: {fileID: 0}
    - target: {fileID: 8342462298532327035, guid: cc271e4307ea96547a56eef941c9b954,
        type: 3}
      propertyPath: m_LocalEulerAnglesHint.z
      value: 0
      objectReference: {fileID: 0}
    m_RemovedComponents: []
  m_SourcePrefab: {fileID: 100100000, guid: cc271e4307ea96547a56eef941c9b954, type: 3}
--- !u!4 &1133607045494566898 stripped
Transform:
  m_CorrespondingSourceObject: {fileID: 8342462298532327035, guid: cc271e4307ea96547a56eef941c9b954,
    type: 3}
  m_PrefabInstance: {fileID: 8970326963416646025}
  m_PrefabAsset: {fileID: 0}
