%YAML 1.1
%TAG !u! tag:unity3d.com,2011:
--- !u!1 &6958890894305354461
GameObject:
  m_ObjectHideFlags: 0
  m_CorrespondingSourceObject: {fileID: 0}
  m_PrefabInstance: {fileID: 0}
  m_PrefabAsset: {fileID: 0}
  serializedVersion: 6
  m_Component:
  - component: {fileID: 6958890894305354462}
  - component: {fileID: 6958890894305354463}
  - component: {fileID: 6958890894305354432}
  - component: {fileID: 6958890894305354433}
  - component: {fileID: 6958890894305354434}
  m_Layer: 0
  m_Name: Hinge_R
  m_TagString: Untagged
  m_Icon: {fileID: 0}
  m_NavMeshLayer: 0
  m_StaticEditorFlags: 0
  m_IsActive: 1
--- !u!4 &6958890894305354462
Transform:
  m_ObjectHideFlags: 0
  m_CorrespondingSourceObject: {fileID: 0}
  m_PrefabInstance: {fileID: 0}
  m_PrefabAsset: {fileID: 0}
  m_GameObject: {fileID: 6958890894305354461}
  m_LocalRotation: {x: 0, y: 0, z: 0, w: 1}
  m_LocalPosition: {x: -1.034, y: 1.2, z: 0.1}
  m_LocalScale: {x: 1, y: 1, z: 1}
  m_ConstrainProportionsScale: 0
  m_Children:
  - {fileID: 2360690325922593005}
  - {fileID: 3208629088635448923}
  - {fileID: 3208629087650792040}
  m_Father: {fileID: 6958890894569696873}
  m_RootOrder: 2
  m_LocalEulerAnglesHint: {x: 0, y: 0, z: 0}
--- !u!54 &6958890894305354463
Rigidbody:
  m_ObjectHideFlags: 0
  m_CorrespondingSourceObject: {fileID: 0}
  m_PrefabInstance: {fileID: 0}
  m_PrefabAsset: {fileID: 0}
  m_GameObject: {fileID: 6958890894305354461}
  serializedVersion: 2
  m_Mass: 20
  m_Drag: 0
  m_AngularDrag: 0.05
  m_UseGravity: 0
  m_IsKinematic: 0
  m_Interpolate: 0
  m_Constraints: 0
  m_CollisionDetection: 3
--- !u!59 &6958890894305354432
HingeJoint:
  m_ObjectHideFlags: 0
  m_CorrespondingSourceObject: {fileID: 0}
  m_PrefabInstance: {fileID: 0}
  m_PrefabAsset: {fileID: 0}
  m_GameObject: {fileID: 6958890894305354461}
  m_ConnectedBody: {fileID: 6958890895845819043}
  m_ConnectedArticulationBody: {fileID: 0}
  m_Anchor: {x: 0, y: 0, z: 0}
  m_Axis: {x: 0, y: 1, z: 0}
  m_AutoConfigureConnectedAnchor: 0
  m_ConnectedAnchor: {x: -1.034, y: 1.2, z: 0.1}
  m_UseSpring: 0
  m_Spring:
    spring: 0
    damper: 0
    targetPosition: 0
  m_UseMotor: 0
  m_Motor:
    targetVelocity: 0
    force: 0
    freeSpin: 0
  m_UseLimits: 1
  m_Limits:
    min: -130
    max: 0
    bounciness: 0.1
    bounceMinVelocity: 0.05
    contactDistance: 0
  m_BreakForce: Infinity
  m_BreakTorque: Infinity
  m_EnableCollision: 0
  m_EnablePreprocessing: 1
  m_MassScale: 1
  m_ConnectedMassScale: 1
--- !u!114 &6958890894305354433
MonoBehaviour:
  m_ObjectHideFlags: 0
  m_CorrespondingSourceObject: {fileID: 0}
  m_PrefabInstance: {fileID: 0}
  m_PrefabAsset: {fileID: 0}
  m_GameObject: {fileID: 6958890894305354461}
  m_Enabled: 1
  m_EditorHideFlags: 0
  m_Script: {fileID: 11500000, guid: 2c8c0de1f1d2749439b3eb2731ba106c, type: 3}
  m_Name: 
  m_EditorClassIdentifier: 
  _serializeComponent:
    _useInline: 1
    _inlineValue: 0
    _variable: {fileID: 0}
  _latchOnClose:
    _useInline: 1
    _inlineValue: 1
    _variable: {fileID: 0}
  _latchedMinAngle:
    _useInline: 1
    _inlineValue: -0.5
    _variable: {fileID: 0}
  _latchedMaxAngle:
    _useInline: 1
    _inlineValue: 0
    _variable: {fileID: 0}
  _openClockwise:
    _useInline: 1
    _inlineValue: 0
    _variable: {fileID: 0}
  _openCloseMotorForce:
    _useInline: 1
    _inlineValue: 100
    _variable: {fileID: 0}
  _interactableObj: {fileID: 0}
  _dragMotorForce:
    _useInline: 1
    _inlineValue: 500
    _variable: {fileID: 0}
  _dragMotorMaxSpeed:
    _useInline: 1
    _inlineValue: 180
    _variable: {fileID: 0}
--- !u!114 &6958890894305354434
MonoBehaviour:
  m_ObjectHideFlags: 0
  m_CorrespondingSourceObject: {fileID: 0}
  m_PrefabInstance: {fileID: 0}
  m_PrefabAsset: {fileID: 0}
  m_GameObject: {fileID: 6958890894305354461}
  m_Enabled: 1
  m_EditorHideFlags: 0
  m_Script: {fileID: 11500000, guid: 6a102fe48d936184c866cda187440cd9, type: 3}
  m_Name: 
  m_EditorClassIdentifier: 
  _interactableObjs:
  - {fileID: 3208629088635448923}
  - {fileID: 3208629087650792040}
--- !u!1 &6958890894569696872
GameObject:
  m_ObjectHideFlags: 0
  m_CorrespondingSourceObject: {fileID: 0}
  m_PrefabInstance: {fileID: 0}
  m_PrefabAsset: {fileID: 0}
  serializedVersion: 6
  m_Component:
  - component: {fileID: 6958890894569696873}
  m_Layer: 0
  m_Name: Door_Hinged_Double
  m_TagString: Untagged
  m_Icon: {fileID: 0}
  m_NavMeshLayer: 0
  m_StaticEditorFlags: 0
  m_IsActive: 1
--- !u!4 &6958890894569696873
Transform:
  m_ObjectHideFlags: 0
  m_CorrespondingSourceObject: {fileID: 0}
  m_PrefabInstance: {fileID: 0}
  m_PrefabAsset: {fileID: 0}
  m_GameObject: {fileID: 6958890894569696872}
  m_LocalRotation: {x: 0, y: 0, z: 0, w: 1}
  m_LocalPosition: {x: 0, y: 0, z: 0}
  m_LocalScale: {x: 1, y: 1, z: 1}
  m_ConstrainProportionsScale: 0
  m_Children:
  - {fileID: 6958890895845819042}
  - {fileID: 6958890895566167968}
  - {fileID: 6958890894305354462}
  - {fileID: 8620720386456961168}
  - {fileID: 8620720386836672326}
  m_Father: {fileID: 0}
  m_RootOrder: 0
  m_LocalEulerAnglesHint: {x: 0, y: 0, z: 0}
--- !u!1 &6958890895566167999
GameObject:
  m_ObjectHideFlags: 0
  m_CorrespondingSourceObject: {fileID: 0}
  m_PrefabInstance: {fileID: 0}
  m_PrefabAsset: {fileID: 0}
  serializedVersion: 6
  m_Component:
  - component: {fileID: 6958890895566167968}
  - component: {fileID: 6958890895566167970}
  - component: {fileID: 6958890895566167969}
  - component: {fileID: 6958890895566167972}
  - component: {fileID: 6958890895566167971}
  m_Layer: 0
  m_Name: Hinge_L
  m_TagString: Untagged
  m_Icon: {fileID: 0}
  m_NavMeshLayer: 0
  m_StaticEditorFlags: 0
  m_IsActive: 1
--- !u!4 &6958890895566167968
Transform:
  m_ObjectHideFlags: 0
  m_CorrespondingSourceObject: {fileID: 0}
  m_PrefabInstance: {fileID: 0}
  m_PrefabAsset: {fileID: 0}
  m_GameObject: {fileID: 6958890895566167999}
  m_LocalRotation: {x: 0, y: 0, z: 0, w: 1}
  m_LocalPosition: {x: 1.034, y: 1.2, z: 0.1}
  m_LocalScale: {x: 1, y: 1, z: 1}
  m_ConstrainProportionsScale: 0
  m_Children:
  - {fileID: 1392899970166682346}
  - {fileID: 3208629086966554045}
  - {fileID: 3208629087818231929}
  m_Father: {fileID: 6958890894569696873}
  m_RootOrder: 1
  m_LocalEulerAnglesHint: {x: 0, y: 0, z: 0}
--- !u!54 &6958890895566167970
Rigidbody:
  m_ObjectHideFlags: 0
  m_CorrespondingSourceObject: {fileID: 0}
  m_PrefabInstance: {fileID: 0}
  m_PrefabAsset: {fileID: 0}
  m_GameObject: {fileID: 6958890895566167999}
  serializedVersion: 2
  m_Mass: 20
  m_Drag: 0
  m_AngularDrag: 0.05
  m_UseGravity: 0
  m_IsKinematic: 0
  m_Interpolate: 0
  m_Constraints: 0
  m_CollisionDetection: 3
--- !u!59 &6958890895566167969
HingeJoint:
  m_ObjectHideFlags: 0
  m_CorrespondingSourceObject: {fileID: 0}
  m_PrefabInstance: {fileID: 0}
  m_PrefabAsset: {fileID: 0}
  m_GameObject: {fileID: 6958890895566167999}
  m_ConnectedBody: {fileID: 6958890895845819043}
  m_ConnectedArticulationBody: {fileID: 0}
  m_Anchor: {x: 0, y: 0, z: 0}
  m_Axis: {x: 0, y: 1, z: 0}
  m_AutoConfigureConnectedAnchor: 0
  m_ConnectedAnchor: {x: 1.034, y: 1.2, z: 0.1}
  m_UseSpring: 0
  m_Spring:
    spring: 0
    damper: 0
    targetPosition: 0
  m_UseMotor: 0
  m_Motor:
    targetVelocity: 0
    force: 0
    freeSpin: 0
  m_UseLimits: 1
  m_Limits:
    min: 0
    max: 130
    bounciness: 0.1
    bounceMinVelocity: 0.05
    contactDistance: 0
  m_BreakForce: Infinity
  m_BreakTorque: Infinity
  m_EnableCollision: 0
  m_EnablePreprocessing: 1
  m_MassScale: 1
  m_ConnectedMassScale: 1
--- !u!114 &6958890895566167972
MonoBehaviour:
  m_ObjectHideFlags: 0
  m_CorrespondingSourceObject: {fileID: 0}
  m_PrefabInstance: {fileID: 0}
  m_PrefabAsset: {fileID: 0}
  m_GameObject: {fileID: 6958890895566167999}
  m_Enabled: 1
  m_EditorHideFlags: 0
  m_Script: {fileID: 11500000, guid: 2c8c0de1f1d2749439b3eb2731ba106c, type: 3}
  m_Name: 
  m_EditorClassIdentifier: 
  _serializeComponent:
    _useInline: 1
    _inlineValue: 0
    _variable: {fileID: 0}
  _latchOnClose:
    _useInline: 1
    _inlineValue: 1
    _variable: {fileID: 0}
  _latchedMinAngle:
    _useInline: 1
    _inlineValue: 0
    _variable: {fileID: 0}
  _latchedMaxAngle:
    _useInline: 1
    _inlineValue: 0.5
    _variable: {fileID: 0}
  _openClockwise:
    _useInline: 1
    _inlineValue: 1
    _variable: {fileID: 0}
  _openCloseMotorForce:
    _useInline: 1
    _inlineValue: 100
    _variable: {fileID: 0}
  _interactableObj: {fileID: 0}
  _dragMotorForce:
    _useInline: 1
    _inlineValue: 500
    _variable: {fileID: 0}
  _dragMotorMaxSpeed:
    _useInline: 1
    _inlineValue: 180
    _variable: {fileID: 0}
--- !u!114 &6958890895566167971
MonoBehaviour:
  m_ObjectHideFlags: 0
  m_CorrespondingSourceObject: {fileID: 0}
  m_PrefabInstance: {fileID: 0}
  m_PrefabAsset: {fileID: 0}
  m_GameObject: {fileID: 6958890895566167999}
  m_Enabled: 1
  m_EditorHideFlags: 0
  m_Script: {fileID: 11500000, guid: 6a102fe48d936184c866cda187440cd9, type: 3}
  m_Name: 
  m_EditorClassIdentifier: 
  _interactableObjs:
  - {fileID: 3208629086966554045}
  - {fileID: 3208629087818231929}
--- !u!1 &6958890895845819041
GameObject:
  m_ObjectHideFlags: 0
  m_CorrespondingSourceObject: {fileID: 0}
  m_PrefabInstance: {fileID: 0}
  m_PrefabAsset: {fileID: 0}
  serializedVersion: 6
  m_Component:
  - component: {fileID: 6958890895845819042}
  - component: {fileID: 6958890895845819043}
  m_Layer: 8
  m_Name: Hinge Holder
  m_TagString: Untagged
  m_Icon: {fileID: 0}
  m_NavMeshLayer: 0
  m_StaticEditorFlags: 0
  m_IsActive: 1
--- !u!4 &6958890895845819042
Transform:
  m_ObjectHideFlags: 0
  m_CorrespondingSourceObject: {fileID: 0}
  m_PrefabInstance: {fileID: 0}
  m_PrefabAsset: {fileID: 0}
  m_GameObject: {fileID: 6958890895845819041}
  m_LocalRotation: {x: 0, y: 0, z: 0, w: 1}
  m_LocalPosition: {x: 0, y: 0, z: 0}
  m_LocalScale: {x: 1, y: 1, z: 1}
  m_ConstrainProportionsScale: 0
  m_Children: []
  m_Father: {fileID: 6958890894569696873}
  m_RootOrder: 0
  m_LocalEulerAnglesHint: {x: 0, y: 0, z: 0}
--- !u!54 &6958890895845819043
Rigidbody:
  m_ObjectHideFlags: 0
  m_CorrespondingSourceObject: {fileID: 0}
  m_PrefabInstance: {fileID: 0}
  m_PrefabAsset: {fileID: 0}
  m_GameObject: {fileID: 6958890895845819041}
  serializedVersion: 2
  m_Mass: 200
  m_Drag: 0
  m_AngularDrag: 0.05
  m_UseGravity: 0
  m_IsKinematic: 1
  m_Interpolate: 0
  m_Constraints: 126
  m_CollisionDetection: 3
--- !u!1001 &6958890894585742535
PrefabInstance:
  m_ObjectHideFlags: 0
  serializedVersion: 2
  m_Modification:
    m_TransformParent: {fileID: 6958890894305354462}
    m_Modifications:
    - target: {fileID: 5482469822720804526, guid: 46e2a3f32f1f74149af25c7bd410eef7,
        type: 3}
      propertyPath: m_Name
      value: Door Interactable Handle R (1)
      objectReference: {fileID: 0}
    - target: {fileID: 5482469822720804527, guid: 46e2a3f32f1f74149af25c7bd410eef7,
        type: 3}
      propertyPath: m_RootOrder
      value: 2
      objectReference: {fileID: 0}
    - target: {fileID: 5482469822720804527, guid: 46e2a3f32f1f74149af25c7bd410eef7,
        type: 3}
      propertyPath: m_LocalPosition.x
      value: 0.9666
      objectReference: {fileID: 0}
    - target: {fileID: 5482469822720804527, guid: 46e2a3f32f1f74149af25c7bd410eef7,
        type: 3}
      propertyPath: m_LocalPosition.y
      value: -0.20130002
      objectReference: {fileID: 0}
    - target: {fileID: 5482469822720804527, guid: 46e2a3f32f1f74149af25c7bd410eef7,
        type: 3}
      propertyPath: m_LocalPosition.z
      value: 0.050900005
      objectReference: {fileID: 0}
    - target: {fileID: 5482469822720804527, guid: 46e2a3f32f1f74149af25c7bd410eef7,
        type: 3}
      propertyPath: m_LocalRotation.w
      value: 1
      objectReference: {fileID: 0}
    - target: {fileID: 5482469822720804527, guid: 46e2a3f32f1f74149af25c7bd410eef7,
        type: 3}
      propertyPath: m_LocalRotation.x
      value: -0
      objectReference: {fileID: 0}
    - target: {fileID: 5482469822720804527, guid: 46e2a3f32f1f74149af25c7bd410eef7,
        type: 3}
      propertyPath: m_LocalRotation.y
      value: -0
      objectReference: {fileID: 0}
    - target: {fileID: 5482469822720804527, guid: 46e2a3f32f1f74149af25c7bd410eef7,
        type: 3}
      propertyPath: m_LocalRotation.z
      value: -0
      objectReference: {fileID: 0}
    - target: {fileID: 5482469822720804527, guid: 46e2a3f32f1f74149af25c7bd410eef7,
        type: 3}
      propertyPath: m_LocalEulerAnglesHint.x
      value: 0
      objectReference: {fileID: 0}
    - target: {fileID: 5482469822720804527, guid: 46e2a3f32f1f74149af25c7bd410eef7,
        type: 3}
      propertyPath: m_LocalEulerAnglesHint.y
      value: 0
      objectReference: {fileID: 0}
    - target: {fileID: 5482469822720804527, guid: 46e2a3f32f1f74149af25c7bd410eef7,
        type: 3}
      propertyPath: m_LocalEulerAnglesHint.z
      value: 0
      objectReference: {fileID: 0}
    m_RemovedComponents: []
  m_SourcePrefab: {fileID: 100100000, guid: 46e2a3f32f1f74149af25c7bd410eef7, type: 3}
--- !u!4 &3208629087650792040 stripped
Transform:
  m_CorrespondingSourceObject: {fileID: 5482469822720804527, guid: 46e2a3f32f1f74149af25c7bd410eef7,
    type: 3}
  m_PrefabInstance: {fileID: 6958890894585742535}
  m_PrefabAsset: {fileID: 0}
--- !u!1001 &6958890895008733970
PrefabInstance:
  m_ObjectHideFlags: 0
  serializedVersion: 2
  m_Modification:
    m_TransformParent: {fileID: 6958890895566167968}
    m_Modifications:
    - target: {fileID: 5482469822720804526, guid: 46e2a3f32f1f74149af25c7bd410eef7,
        type: 3}
      propertyPath: m_Name
      value: Door Interactable Handle L
      objectReference: {fileID: 0}
    - target: {fileID: 5482469822720804527, guid: 46e2a3f32f1f74149af25c7bd410eef7,
        type: 3}
      propertyPath: m_RootOrder
      value: 1
      objectReference: {fileID: 0}
    - target: {fileID: 5482469822720804527, guid: 46e2a3f32f1f74149af25c7bd410eef7,
        type: 3}
      propertyPath: m_LocalPosition.x
      value: -0.9666
      objectReference: {fileID: 0}
    - target: {fileID: 5482469822720804527, guid: 46e2a3f32f1f74149af25c7bd410eef7,
        type: 3}
      propertyPath: m_LocalPosition.y
      value: -0.2013
      objectReference: {fileID: 0}
    - target: {fileID: 5482469822720804527, guid: 46e2a3f32f1f74149af25c7bd410eef7,
        type: 3}
      propertyPath: m_LocalPosition.z
      value: 0.0509
      objectReference: {fileID: 0}
    - target: {fileID: 5482469822720804527, guid: 46e2a3f32f1f74149af25c7bd410eef7,
        type: 3}
      propertyPath: m_LocalRotation.w
      value: 1
      objectReference: {fileID: 0}
    - target: {fileID: 5482469822720804527, guid: 46e2a3f32f1f74149af25c7bd410eef7,
        type: 3}
      propertyPath: m_LocalRotation.x
      value: 0
      objectReference: {fileID: 0}
    - target: {fileID: 5482469822720804527, guid: 46e2a3f32f1f74149af25c7bd410eef7,
        type: 3}
      propertyPath: m_LocalRotation.y
      value: 0
      objectReference: {fileID: 0}
    - target: {fileID: 5482469822720804527, guid: 46e2a3f32f1f74149af25c7bd410eef7,
        type: 3}
      propertyPath: m_LocalRotation.z
      value: 0
      objectReference: {fileID: 0}
    - target: {fileID: 5482469822720804527, guid: 46e2a3f32f1f74149af25c7bd410eef7,
        type: 3}
      propertyPath: m_LocalEulerAnglesHint.x
      value: 0
      objectReference: {fileID: 0}
    - target: {fileID: 5482469822720804527, guid: 46e2a3f32f1f74149af25c7bd410eef7,
        type: 3}
      propertyPath: m_LocalEulerAnglesHint.y
      value: 0
      objectReference: {fileID: 0}
    - target: {fileID: 5482469822720804527, guid: 46e2a3f32f1f74149af25c7bd410eef7,
        type: 3}
      propertyPath: m_LocalEulerAnglesHint.z
      value: 0
      objectReference: {fileID: 0}
    m_RemovedComponents: []
  m_SourcePrefab: {fileID: 100100000, guid: 46e2a3f32f1f74149af25c7bd410eef7, type: 3}
--- !u!4 &3208629086966554045 stripped
Transform:
  m_CorrespondingSourceObject: {fileID: 5482469822720804527, guid: 46e2a3f32f1f74149af25c7bd410eef7,
    type: 3}
  m_PrefabInstance: {fileID: 6958890895008733970}
  m_PrefabAsset: {fileID: 0}
--- !u!1001 &6958890895105350801
PrefabInstance:
  m_ObjectHideFlags: 0
  serializedVersion: 2
  m_Modification:
    m_TransformParent: {fileID: 6958890895566167968}
    m_Modifications:
    - target: {fileID: 5073634957620737507, guid: cc271e4307ea96547a56eef941c9b954,
        type: 3}
      propertyPath: m_Name
      value: Door_parent_A_L
      objectReference: {fileID: 0}
    - target: {fileID: 8342462298532327035, guid: cc271e4307ea96547a56eef941c9b954,
        type: 3}
      propertyPath: m_RootOrder
      value: 0
      objectReference: {fileID: 0}
    - target: {fileID: 8342462298532327035, guid: cc271e4307ea96547a56eef941c9b954,
        type: 3}
      propertyPath: m_LocalPosition.x
      value: 0
      objectReference: {fileID: 0}
    - target: {fileID: 8342462298532327035, guid: cc271e4307ea96547a56eef941c9b954,
        type: 3}
      propertyPath: m_LocalPosition.y
      value: -1.2
      objectReference: {fileID: 0}
    - target: {fileID: 8342462298532327035, guid: cc271e4307ea96547a56eef941c9b954,
        type: 3}
      propertyPath: m_LocalPosition.z
      value: 0
      objectReference: {fileID: 0}
    - target: {fileID: 8342462298532327035, guid: cc271e4307ea96547a56eef941c9b954,
        type: 3}
      propertyPath: m_LocalRotation.w
      value: 0
      objectReference: {fileID: 0}
    - target: {fileID: 8342462298532327035, guid: cc271e4307ea96547a56eef941c9b954,
        type: 3}
      propertyPath: m_LocalRotation.x
      value: -0
      objectReference: {fileID: 0}
    - target: {fileID: 8342462298532327035, guid: cc271e4307ea96547a56eef941c9b954,
        type: 3}
      propertyPath: m_LocalRotation.y
      value: 1
      objectReference: {fileID: 0}
    - target: {fileID: 8342462298532327035, guid: cc271e4307ea96547a56eef941c9b954,
        type: 3}
      propertyPath: m_LocalRotation.z
      value: -0
      objectReference: {fileID: 0}
    - target: {fileID: 8342462298532327035, guid: cc271e4307ea96547a56eef941c9b954,
        type: 3}
      propertyPath: m_LocalEulerAnglesHint.x
      value: 0
      objectReference: {fileID: 0}
    - target: {fileID: 8342462298532327035, guid: cc271e4307ea96547a56eef941c9b954,
        type: 3}
      propertyPath: m_LocalEulerAnglesHint.y
      value: 0
      objectReference: {fileID: 0}
    - target: {fileID: 8342462298532327035, guid: cc271e4307ea96547a56eef941c9b954,
        type: 3}
      propertyPath: m_LocalEulerAnglesHint.z
      value: 0
      objectReference: {fileID: 0}
    m_RemovedComponents: []
  m_SourcePrefab: {fileID: 100100000, guid: cc271e4307ea96547a56eef941c9b954, type: 3}
--- !u!4 &1392899970166682346 stripped
Transform:
  m_CorrespondingSourceObject: {fileID: 8342462298532327035, guid: cc271e4307ea96547a56eef941c9b954,
    type: 3}
  m_PrefabInstance: {fileID: 6958890895105350801}
  m_PrefabAsset: {fileID: 0}
--- !u!1001 &6958890895601789172
PrefabInstance:
  m_ObjectHideFlags: 0
  serializedVersion: 2
  m_Modification:
    m_TransformParent: {fileID: 6958890894305354462}
    m_Modifications:
    - target: {fileID: 5482469822720804526, guid: 46e2a3f32f1f74149af25c7bd410eef7,
        type: 3}
      propertyPath: m_Name
      value: Door Interactable Handle R
      objectReference: {fileID: 0}
    - target: {fileID: 5482469822720804527, guid: 46e2a3f32f1f74149af25c7bd410eef7,
        type: 3}
      propertyPath: m_RootOrder
      value: 1
      objectReference: {fileID: 0}
    - target: {fileID: 5482469822720804527, guid: 46e2a3f32f1f74149af25c7bd410eef7,
        type: 3}
      propertyPath: m_LocalPosition.x
      value: 0.9666
      objectReference: {fileID: 0}
    - target: {fileID: 5482469822720804527, guid: 46e2a3f32f1f74149af25c7bd410eef7,
        type: 3}
      propertyPath: m_LocalPosition.y
      value: -0.20130002
      objectReference: {fileID: 0}
    - target: {fileID: 5482469822720804527, guid: 46e2a3f32f1f74149af25c7bd410eef7,
        type: 3}
      propertyPath: m_LocalPosition.z
      value: -0.11349998
      objectReference: {fileID: 0}
    - target: {fileID: 5482469822720804527, guid: 46e2a3f32f1f74149af25c7bd410eef7,
        type: 3}
      propertyPath: m_LocalRotation.w
      value: 1
      objectReference: {fileID: 0}
    - target: {fileID: 5482469822720804527, guid: 46e2a3f32f1f74149af25c7bd410eef7,
        type: 3}
      propertyPath: m_LocalRotation.x
      value: -0
      objectReference: {fileID: 0}
    - target: {fileID: 5482469822720804527, guid: 46e2a3f32f1f74149af25c7bd410eef7,
        type: 3}
      propertyPath: m_LocalRotation.y
      value: -0
      objectReference: {fileID: 0}
    - target: {fileID: 5482469822720804527, guid: 46e2a3f32f1f74149af25c7bd410eef7,
        type: 3}
      propertyPath: m_LocalRotation.z
      value: -0
      objectReference: {fileID: 0}
    - target: {fileID: 5482469822720804527, guid: 46e2a3f32f1f74149af25c7bd410eef7,
        type: 3}
      propertyPath: m_LocalEulerAnglesHint.x
      value: 0
      objectReference: {fileID: 0}
    - target: {fileID: 5482469822720804527, guid: 46e2a3f32f1f74149af25c7bd410eef7,
        type: 3}
      propertyPath: m_LocalEulerAnglesHint.y
      value: 0
      objectReference: {fileID: 0}
    - target: {fileID: 5482469822720804527, guid: 46e2a3f32f1f74149af25c7bd410eef7,
        type: 3}
      propertyPath: m_LocalEulerAnglesHint.z
      value: 0
      objectReference: {fileID: 0}
    m_RemovedComponents: []
  m_SourcePrefab: {fileID: 100100000, guid: 46e2a3f32f1f74149af25c7bd410eef7, type: 3}
--- !u!4 &3208629088635448923 stripped
Transform:
  m_CorrespondingSourceObject: {fileID: 5482469822720804527, guid: 46e2a3f32f1f74149af25c7bd410eef7,
    type: 3}
  m_PrefabInstance: {fileID: 6958890895601789172}
  m_PrefabAsset: {fileID: 0}
--- !u!1001 &6958890895683241394
PrefabInstance:
  m_ObjectHideFlags: 0
  serializedVersion: 2
  m_Modification:
    m_TransformParent: {fileID: 6958890894569696873}
    m_Modifications:
    - target: {fileID: 1670837532846746356, guid: 26e16196148671d49822df7663432333,
        type: 3}
      propertyPath: m_RootOrder
      value: 4
      objectReference: {fileID: 0}
    - target: {fileID: 1670837532846746356, guid: 26e16196148671d49822df7663432333,
        type: 3}
      propertyPath: m_LocalPosition.x
      value: 0
      objectReference: {fileID: 0}
    - target: {fileID: 1670837532846746356, guid: 26e16196148671d49822df7663432333,
        type: 3}
      propertyPath: m_LocalPosition.y
      value: 0.9566
      objectReference: {fileID: 0}
    - target: {fileID: 1670837532846746356, guid: 26e16196148671d49822df7663432333,
        type: 3}
      propertyPath: m_LocalPosition.z
      value: 0.06910002
      objectReference: {fileID: 0}
    - target: {fileID: 1670837532846746356, guid: 26e16196148671d49822df7663432333,
        type: 3}
      propertyPath: m_LocalRotation.w
      value: 1
      objectReference: {fileID: 0}
    - target: {fileID: 1670837532846746356, guid: 26e16196148671d49822df7663432333,
        type: 3}
      propertyPath: m_LocalRotation.x
      value: -0
      objectReference: {fileID: 0}
    - target: {fileID: 1670837532846746356, guid: 26e16196148671d49822df7663432333,
        type: 3}
      propertyPath: m_LocalRotation.y
      value: -0
      objectReference: {fileID: 0}
    - target: {fileID: 1670837532846746356, guid: 26e16196148671d49822df7663432333,
        type: 3}
      propertyPath: m_LocalRotation.z
      value: -0
      objectReference: {fileID: 0}
    - target: {fileID: 1670837532846746356, guid: 26e16196148671d49822df7663432333,
        type: 3}
      propertyPath: m_LocalEulerAnglesHint.x
      value: 0
      objectReference: {fileID: 0}
    - target: {fileID: 1670837532846746356, guid: 26e16196148671d49822df7663432333,
        type: 3}
      propertyPath: m_LocalEulerAnglesHint.y
      value: 0
      objectReference: {fileID: 0}
    - target: {fileID: 1670837532846746356, guid: 26e16196148671d49822df7663432333,
        type: 3}
      propertyPath: m_LocalEulerAnglesHint.z
      value: 0
      objectReference: {fileID: 0}
    - target: {fileID: 1670837532846746357, guid: 26e16196148671d49822df7663432333,
        type: 3}
      propertyPath: m_Name
      value: Door Audio R
      objectReference: {fileID: 0}
    - target: {fileID: 1670837532846746358, guid: 26e16196148671d49822df7663432333,
        type: 3}
      propertyPath: _hingeObj
      value: 
      objectReference: {fileID: 6958890894305354462}
    m_RemovedComponents: []
  m_SourcePrefab: {fileID: 100100000, guid: 26e16196148671d49822df7663432333, type: 3}
--- !u!4 &8620720386836672326 stripped
Transform:
  m_CorrespondingSourceObject: {fileID: 1670837532846746356, guid: 26e16196148671d49822df7663432333,
    type: 3}
  m_PrefabInstance: {fileID: 6958890895683241394}
  m_PrefabAsset: {fileID: 0}
--- !u!1001 &6958890895752309348
PrefabInstance:
  m_ObjectHideFlags: 0
  serializedVersion: 2
  m_Modification:
    m_TransformParent: {fileID: 6958890894569696873}
    m_Modifications:
    - target: {fileID: 1670837532846746356, guid: 26e16196148671d49822df7663432333,
        type: 3}
      propertyPath: m_RootOrder
      value: 3
      objectReference: {fileID: 0}
    - target: {fileID: 1670837532846746356, guid: 26e16196148671d49822df7663432333,
        type: 3}
      propertyPath: m_LocalPosition.x
      value: 0
      objectReference: {fileID: 0}
    - target: {fileID: 1670837532846746356, guid: 26e16196148671d49822df7663432333,
        type: 3}
      propertyPath: m_LocalPosition.y
      value: 0.9566
      objectReference: {fileID: 0}
    - target: {fileID: 1670837532846746356, guid: 26e16196148671d49822df7663432333,
        type: 3}
      propertyPath: m_LocalPosition.z
      value: 0.06910002
      objectReference: {fileID: 0}
    - target: {fileID: 1670837532846746356, guid: 26e16196148671d49822df7663432333,
        type: 3}
      propertyPath: m_LocalRotation.w
      value: 1
      objectReference: {fileID: 0}
    - target: {fileID: 1670837532846746356, guid: 26e16196148671d49822df7663432333,
        type: 3}
      propertyPath: m_LocalRotation.x
      value: -0
      objectReference: {fileID: 0}
    - target: {fileID: 1670837532846746356, guid: 26e16196148671d49822df7663432333,
        type: 3}
      propertyPath: m_LocalRotation.y
      value: -0
      objectReference: {fileID: 0}
    - target: {fileID: 1670837532846746356, guid: 26e16196148671d49822df7663432333,
        type: 3}
      propertyPath: m_LocalRotation.z
      value: -0
      objectReference: {fileID: 0}
    - target: {fileID: 1670837532846746356, guid: 26e16196148671d49822df7663432333,
        type: 3}
      propertyPath: m_LocalEulerAnglesHint.x
      value: 0
      objectReference: {fileID: 0}
    - target: {fileID: 1670837532846746356, guid: 26e16196148671d49822df7663432333,
        type: 3}
      propertyPath: m_LocalEulerAnglesHint.y
      value: 0
      objectReference: {fileID: 0}
    - target: {fileID: 1670837532846746356, guid: 26e16196148671d49822df7663432333,
        type: 3}
      propertyPath: m_LocalEulerAnglesHint.z
      value: 0
      objectReference: {fileID: 0}
    - target: {fileID: 1670837532846746357, guid: 26e16196148671d49822df7663432333,
        type: 3}
      propertyPath: m_Name
      value: Door Audio L
      objectReference: {fileID: 0}
    - target: {fileID: 1670837532846746358, guid: 26e16196148671d49822df7663432333,
        type: 3}
      propertyPath: _hingeObj
      value: 
      objectReference: {fileID: 6958890895566167968}
    m_RemovedComponents: []
  m_SourcePrefab: {fileID: 100100000, guid: 26e16196148671d49822df7663432333, type: 3}
--- !u!4 &8620720386456961168 stripped
Transform:
  m_CorrespondingSourceObject: {fileID: 1670837532846746356, guid: 26e16196148671d49822df7663432333,
    type: 3}
  m_PrefabInstance: {fileID: 6958890895752309348}
  m_PrefabAsset: {fileID: 0}
--- !u!1001 &6958890895759816406
PrefabInstance:
  m_ObjectHideFlags: 0
  serializedVersion: 2
  m_Modification:
    m_TransformParent: {fileID: 6958890895566167968}
    m_Modifications:
    - target: {fileID: 5482469822720804526, guid: 46e2a3f32f1f74149af25c7bd410eef7,
        type: 3}
      propertyPath: m_Name
      value: Door Interactable Handle L (1)
      objectReference: {fileID: 0}
    - target: {fileID: 5482469822720804527, guid: 46e2a3f32f1f74149af25c7bd410eef7,
        type: 3}
      propertyPath: m_RootOrder
      value: 2
      objectReference: {fileID: 0}
    - target: {fileID: 5482469822720804527, guid: 46e2a3f32f1f74149af25c7bd410eef7,
        type: 3}
      propertyPath: m_LocalPosition.x
      value: -0.9666
      objectReference: {fileID: 0}
    - target: {fileID: 5482469822720804527, guid: 46e2a3f32f1f74149af25c7bd410eef7,
        type: 3}
      propertyPath: m_LocalPosition.y
      value: -0.2013
      objectReference: {fileID: 0}
    - target: {fileID: 5482469822720804527, guid: 46e2a3f32f1f74149af25c7bd410eef7,
        type: 3}
      propertyPath: m_LocalPosition.z
      value: -0.1135
      objectReference: {fileID: 0}
    - target: {fileID: 5482469822720804527, guid: 46e2a3f32f1f74149af25c7bd410eef7,
        type: 3}
      propertyPath: m_LocalRotation.w
      value: 1
      objectReference: {fileID: 0}
    - target: {fileID: 5482469822720804527, guid: 46e2a3f32f1f74149af25c7bd410eef7,
        type: 3}
      propertyPath: m_LocalRotation.x
      value: 0
      objectReference: {fileID: 0}
    - target: {fileID: 5482469822720804527, guid: 46e2a3f32f1f74149af25c7bd410eef7,
        type: 3}
      propertyPath: m_LocalRotation.y
      value: 0
      objectReference: {fileID: 0}
    - target: {fileID: 5482469822720804527, guid: 46e2a3f32f1f74149af25c7bd410eef7,
        type: 3}
      propertyPath: m_LocalRotation.z
      value: 0
      objectReference: {fileID: 0}
    - target: {fileID: 5482469822720804527, guid: 46e2a3f32f1f74149af25c7bd410eef7,
        type: 3}
      propertyPath: m_LocalEulerAnglesHint.x
      value: 0
      objectReference: {fileID: 0}
    - target: {fileID: 5482469822720804527, guid: 46e2a3f32f1f74149af25c7bd410eef7,
        type: 3}
      propertyPath: m_LocalEulerAnglesHint.y
      value: 0
      objectReference: {fileID: 0}
    - target: {fileID: 5482469822720804527, guid: 46e2a3f32f1f74149af25c7bd410eef7,
        type: 3}
      propertyPath: m_LocalEulerAnglesHint.z
      value: 0
      objectReference: {fileID: 0}
    m_RemovedComponents: []
  m_SourcePrefab: {fileID: 100100000, guid: 46e2a3f32f1f74149af25c7bd410eef7, type: 3}
--- !u!4 &3208629087818231929 stripped
Transform:
  m_CorrespondingSourceObject: {fileID: 5482469822720804527, guid: 46e2a3f32f1f74149af25c7bd410eef7,
    type: 3}
  m_PrefabInstance: {fileID: 6958890895759816406}
  m_PrefabAsset: {fileID: 0}
--- !u!1001 &6958890896032902442
PrefabInstance:
  m_ObjectHideFlags: 0
  serializedVersion: 2
  m_Modification:
    m_TransformParent: {fileID: 6958890894305354462}
    m_Modifications:
    - target: {fileID: 4634249364941608391, guid: 7a125a26635dbfa41b34e138f795a1ec,
        type: 3}
      propertyPath: m_RootOrder
      value: 0
      objectReference: {fileID: 0}
    - target: {fileID: 4634249364941608391, guid: 7a125a26635dbfa41b34e138f795a1ec,
        type: 3}
      propertyPath: m_LocalPosition.x
      value: 0
      objectReference: {fileID: 0}
    - target: {fileID: 4634249364941608391, guid: 7a125a26635dbfa41b34e138f795a1ec,
        type: 3}
      propertyPath: m_LocalPosition.y
      value: -1.2
      objectReference: {fileID: 0}
    - target: {fileID: 4634249364941608391, guid: 7a125a26635dbfa41b34e138f795a1ec,
        type: 3}
      propertyPath: m_LocalPosition.z
      value: 0
      objectReference: {fileID: 0}
    - target: {fileID: 4634249364941608391, guid: 7a125a26635dbfa41b34e138f795a1ec,
        type: 3}
      propertyPath: m_LocalRotation.w
      value: 0
      objectReference: {fileID: 0}
    - target: {fileID: 4634249364941608391, guid: 7a125a26635dbfa41b34e138f795a1ec,
        type: 3}
      propertyPath: m_LocalRotation.x
      value: -0
      objectReference: {fileID: 0}
    - target: {fileID: 4634249364941608391, guid: 7a125a26635dbfa41b34e138f795a1ec,
        type: 3}
      propertyPath: m_LocalRotation.y
      value: 1
      objectReference: {fileID: 0}
    - target: {fileID: 4634249364941608391, guid: 7a125a26635dbfa41b34e138f795a1ec,
        type: 3}
      propertyPath: m_LocalRotation.z
      value: -0
      objectReference: {fileID: 0}
    - target: {fileID: 4634249364941608391, guid: 7a125a26635dbfa41b34e138f795a1ec,
        type: 3}
      propertyPath: m_LocalEulerAnglesHint.x
      value: 0
      objectReference: {fileID: 0}
    - target: {fileID: 4634249364941608391, guid: 7a125a26635dbfa41b34e138f795a1ec,
        type: 3}
      propertyPath: m_LocalEulerAnglesHint.y
      value: 0
      objectReference: {fileID: 0}
    - target: {fileID: 4634249364941608391, guid: 7a125a26635dbfa41b34e138f795a1ec,
        type: 3}
      propertyPath: m_LocalEulerAnglesHint.z
      value: 0
      objectReference: {fileID: 0}
    - target: {fileID: 8502624985063083615, guid: 7a125a26635dbfa41b34e138f795a1ec,
        type: 3}
      propertyPath: m_Name
      value: Door_parent_A_R
      objectReference: {fileID: 0}
    m_RemovedComponents: []
  m_SourcePrefab: {fileID: 100100000, guid: 7a125a26635dbfa41b34e138f795a1ec, type: 3}
--- !u!4 &2360690325922593005 stripped
Transform:
  m_CorrespondingSourceObject: {fileID: 4634249364941608391, guid: 7a125a26635dbfa41b34e138f795a1ec,
    type: 3}
  m_PrefabInstance: {fileID: 6958890896032902442}
  m_PrefabAsset: {fileID: 0}
