%YAML 1.1
%TAG !u! tag:unity3d.com,2011:
--- !u!1 &2193655119866401626
GameObject:
  m_ObjectHideFlags: 0
  m_CorrespondingSourceObject: {fileID: 0}
  m_PrefabInstance: {fileID: 0}
  m_PrefabAsset: {fileID: 0}
  serializedVersion: 6
  m_Component:
  - component: {fileID: 3658810799318945963}
  - component: {fileID: 4055203026298043622}
  - component: {fileID: 8457861049772222582}
  - component: {fileID: 8821720358573983130}
  - component: {fileID: 2858160524516220866}
  m_Layer: 0
  m_Name: Health Entity
  m_TagString: Untagged
  m_Icon: {fileID: 0}
  m_NavMeshLayer: 0
  m_StaticEditorFlags: 0
  m_IsActive: 1
--- !u!4 &3658810799318945963
Transform:
  m_ObjectHideFlags: 0
  m_CorrespondingSourceObject: {fileID: 0}
  m_PrefabInstance: {fileID: 0}
  m_PrefabAsset: {fileID: 0}
  m_GameObject: {fileID: 2193655119866401626}
  m_LocalRotation: {x: 0, y: 0, z: 0, w: 1}
  m_LocalPosition: {x: 0, y: 0, z: 0}
  m_LocalScale: {x: 1, y: 1, z: 1}
  m_ConstrainProportionsScale: 0
  m_Children:
  - {fileID: 8320150563180502926}
  - {fileID: 683033347522819548}
  m_Father: {fileID: 0}
  m_RootOrder: 0
  m_LocalEulerAnglesHint: {x: 0, y: 0, z: 0}
--- !u!114 &4055203026298043622
MonoBehaviour:
  m_ObjectHideFlags: 0
  m_CorrespondingSourceObject: {fileID: 0}
  m_PrefabInstance: {fileID: 0}
  m_PrefabAsset: {fileID: 0}
  m_GameObject: {fileID: 2193655119866401626}
  m_Enabled: 1
  m_EditorHideFlags: 0
  m_Script: {fileID: 11500000, guid: 6e9d0b93cb7210f429824225722d8860, type: 3}
  m_Name: 
  m_EditorClassIdentifier: 
  _entityId: 
  _itemDefinitionObj: {fileID: 11400000, guid: 3068805b77a0e064f9bc8f384dc20ef0, type: 2}
--- !u!54 &8457861049772222582
Rigidbody:
  m_ObjectHideFlags: 0
  m_CorrespondingSourceObject: {fileID: 0}
  m_PrefabInstance: {fileID: 0}
  m_PrefabAsset: {fileID: 0}
  m_GameObject: {fileID: 2193655119866401626}
  serializedVersion: 2
  m_Mass: 3
  m_Drag: 0
  m_AngularDrag: 0.05
  m_UseGravity: 1
  m_IsKinematic: 0
  m_Interpolate: 0
  m_Constraints: 0
  m_CollisionDetection: 3
--- !u!114 &8821720358573983130
MonoBehaviour:
  m_ObjectHideFlags: 0
  m_CorrespondingSourceObject: {fileID: 0}
  m_PrefabInstance: {fileID: 0}
  m_PrefabAsset: {fileID: 0}
  m_GameObject: {fileID: 2193655119866401626}
  m_Enabled: 1
  m_EditorHideFlags: 0
  m_Script: {fileID: 11500000, guid: 15fa52700ee3b574bb5a04262fc1a35a, type: 3}
  m_Name: 
  m_EditorClassIdentifier: 
  _portalSuckInEnabled: 0
--- !u!114 &2858160524516220866
MonoBehaviour:
  m_ObjectHideFlags: 0
  m_CorrespondingSourceObject: {fileID: 0}
  m_PrefabInstance: {fileID: 0}
  m_PrefabAsset: {fileID: 0}
  m_GameObject: {fileID: 2193655119866401626}
  m_Enabled: 1
  m_EditorHideFlags: 0
  m_Script: {fileID: 11500000, guid: 37c631718501c8848918570086d10557, type: 3}
  m_Name: 
  m_EditorClassIdentifier: 
  _interactableDeciderObj: {fileID: 0}
  _itemEntityObj: {fileID: 3658810799318945963}
  _itemQuantity:
    _useInline: 1
    _inlineValue: 1
    _variable: {fileID: 0}
--- !u!1001 &1204614593143923828
PrefabInstance:
  m_ObjectHideFlags: 0
  serializedVersion: 2
  m_Modification:
    m_TransformParent: {fileID: 3658810799318945963}
    m_Modifications:
    - target: {fileID: 1859205592935010728, guid: 7ad650325c8872341af3b4b979ff949b,
        type: 3}
      propertyPath: m_RootOrder
      value: 1
      objectReference: {fileID: 0}
    - target: {fileID: 1859205592935010728, guid: 7ad650325c8872341af3b4b979ff949b,
        type: 3}
      propertyPath: m_LocalPosition.x
      value: 0
      objectReference: {fileID: 0}
    - target: {fileID: 1859205592935010728, guid: 7ad650325c8872341af3b4b979ff949b,
        type: 3}
      propertyPath: m_LocalPosition.y
      value: 0
      objectReference: {fileID: 0}
    - target: {fileID: 1859205592935010728, guid: 7ad650325c8872341af3b4b979ff949b,
        type: 3}
      propertyPath: m_LocalPosition.z
      value: 0
      objectReference: {fileID: 0}
    - target: {fileID: 1859205592935010728, guid: 7ad650325c8872341af3b4b979ff949b,
        type: 3}
      propertyPath: m_LocalRotation.w
      value: 1
      objectReference: {fileID: 0}
    - target: {fileID: 1859205592935010728, guid: 7ad650325c8872341af3b4b979ff949b,
        type: 3}
      propertyPath: m_LocalRotation.x
      value: 0
      objectReference: {fileID: 0}
    - target: {fileID: 1859205592935010728, guid: 7ad650325c8872341af3b4b979ff949b,
        type: 3}
      propertyPath: m_LocalRotation.y
      value: 0
      objectReference: {fileID: 0}
    - target: {fileID: 1859205592935010728, guid: 7ad650325c8872341af3b4b979ff949b,
        type: 3}
      propertyPath: m_LocalRotation.z
      value: 0
      objectReference: {fileID: 0}
    - target: {fileID: 1859205592935010728, guid: 7ad650325c8872341af3b4b979ff949b,
        type: 3}
      propertyPath: m_LocalEulerAnglesHint.x
      value: 0
      objectReference: {fileID: 0}
    - target: {fileID: 1859205592935010728, guid: 7ad650325c8872341af3b4b979ff949b,
        type: 3}
      propertyPath: m_LocalEulerAnglesHint.y
      value: 0
      objectReference: {fileID: 0}
    - target: {fileID: 1859205592935010728, guid: 7ad650325c8872341af3b4b979ff949b,
        type: 3}
      propertyPath: m_LocalEulerAnglesHint.z
      value: 0
      objectReference: {fileID: 0}
    - target: {fileID: 7618398086691994023, guid: 7ad650325c8872341af3b4b979ff949b,
        type: 3}
      propertyPath: m_Name
      value: Health Body
      objectReference: {fileID: 0}
    m_RemovedComponents: []
  m_SourcePrefab: {fileID: 100100000, guid: 7ad650325c8872341af3b4b979ff949b, type: 3}
--- !u!4 &683033347522819548 stripped
Transform:
  m_CorrespondingSourceObject: {fileID: 1859205592935010728, guid: 7ad650325c8872341af3b4b979ff949b,
    type: 3}
  m_PrefabInstance: {fileID: 1204614593143923828}
  m_PrefabAsset: {fileID: 0}
--- !u!1001 &7208513566099308880
PrefabInstance:
  m_ObjectHideFlags: 0
  serializedVersion: 2
  m_Modification:
    m_TransformParent: {fileID: 3658810799318945963}
    m_Modifications:
    - target: {fileID: 1693023879364927198, guid: 9ff3b0ad2ccea1a4eaf03eadd1ec5c9c,
        type: 3}
      propertyPath: m_RootOrder
      value: 0
      objectReference: {fileID: 0}
    - target: {fileID: 1693023879364927198, guid: 9ff3b0ad2ccea1a4eaf03eadd1ec5c9c,
        type: 3}
      propertyPath: m_LocalPosition.x
      value: 0
      objectReference: {fileID: 0}
    - target: {fileID: 1693023879364927198, guid: 9ff3b0ad2ccea1a4eaf03eadd1ec5c9c,
        type: 3}
      propertyPath: m_LocalPosition.y
      value: 0
      objectReference: {fileID: 0}
    - target: {fileID: 1693023879364927198, guid: 9ff3b0ad2ccea1a4eaf03eadd1ec5c9c,
        type: 3}
      propertyPath: m_LocalPosition.z
      value: 0
      objectReference: {fileID: 0}
    - target: {fileID: 1693023879364927198, guid: 9ff3b0ad2ccea1a4eaf03eadd1ec5c9c,
        type: 3}
      propertyPath: m_LocalRotation.w
      value: 1
      objectReference: {fileID: 0}
    - target: {fileID: 1693023879364927198, guid: 9ff3b0ad2ccea1a4eaf03eadd1ec5c9c,
        type: 3}
      propertyPath: m_LocalRotation.x
      value: 0
      objectReference: {fileID: 0}
    - target: {fileID: 1693023879364927198, guid: 9ff3b0ad2ccea1a4eaf03eadd1ec5c9c,
        type: 3}
      propertyPath: m_LocalRotation.y
      value: 0
      objectReference: {fileID: 0}
    - target: {fileID: 1693023879364927198, guid: 9ff3b0ad2ccea1a4eaf03eadd1ec5c9c,
        type: 3}
      propertyPath: m_LocalRotation.z
      value: 0
      objectReference: {fileID: 0}
    - target: {fileID: 1693023879364927198, guid: 9ff3b0ad2ccea1a4eaf03eadd1ec5c9c,
        type: 3}
      propertyPath: m_LocalEulerAnglesHint.x
      value: 0
      objectReference: {fileID: 0}
    - target: {fileID: 1693023879364927198, guid: 9ff3b0ad2ccea1a4eaf03eadd1ec5c9c,
        type: 3}
      propertyPath: m_LocalEulerAnglesHint.y
      value: 0
      objectReference: {fileID: 0}
    - target: {fileID: 1693023879364927198, guid: 9ff3b0ad2ccea1a4eaf03eadd1ec5c9c,
        type: 3}
      propertyPath: m_LocalEulerAnglesHint.z
      value: 0
      objectReference: {fileID: 0}
    - target: {fileID: 7482075476799885740, guid: 9ff3b0ad2ccea1a4eaf03eadd1ec5c9c,
        type: 3}
      propertyPath: m_Name
      value: Health Model
      objectReference: {fileID: 0}
    m_RemovedComponents: []
  m_SourcePrefab: {fileID: 100100000, guid: 9ff3b0ad2ccea1a4eaf03eadd1ec5c9c, type: 3}
--- !u!4 &8320150563180502926 stripped
Transform:
  m_CorrespondingSourceObject: {fileID: 1693023879364927198, guid: 9ff3b0ad2ccea1a4eaf03eadd1ec5c9c,
    type: 3}
  m_PrefabInstance: {fileID: 7208513566099308880}
  m_PrefabAsset: {fileID: 0}
