%YAML 1.1
%TAG !u! tag:unity3d.com,2011:
--- !u!1 &1454036990316629429
GameObject:
  m_ObjectHideFlags: 0
  m_CorrespondingSourceObject: {fileID: 0}
  m_PrefabInstance: {fileID: 0}
  m_PrefabAsset: {fileID: 0}
  serializedVersion: 6
  m_Component:
  - component: {fileID: 1392329846204589850}
  - component: {fileID: 3917106378622112100}
  - component: {fileID: 2035569712420856368}
  - component: {fileID: 2241854590522227513}
  - component: {fileID: 3811378810826610761}
  m_Layer: 0
  m_Name: Basement Key Entity
  m_TagString: Untagged
  m_Icon: {fileID: 0}
  m_NavMeshLayer: 0
  m_StaticEditorFlags: 0
  m_IsActive: 1
--- !u!4 &1392329846204589850
Transform:
  m_ObjectHideFlags: 0
  m_CorrespondingSourceObject: {fileID: 0}
  m_PrefabInstance: {fileID: 0}
  m_PrefabAsset: {fileID: 0}
  m_GameObject: {fileID: 1454036990316629429}
  m_LocalRotation: {x: 0, y: 0, z: 0, w: 1}
  m_LocalPosition: {x: 0, y: 0, z: 0}
  m_LocalScale: {x: 1, y: 1, z: 1}
  m_ConstrainProportionsScale: 0
  m_Children:
  - {fileID: 4547729590697501985}
  - {fileID: 6017256756630247645}
  m_Father: {fileID: 0}
  m_RootOrder: 0
  m_LocalEulerAnglesHint: {x: 0, y: 0, z: 0}
--- !u!114 &3917106378622112100
MonoBehaviour:
  m_ObjectHideFlags: 0
  m_CorrespondingSourceObject: {fileID: 0}
  m_PrefabInstance: {fileID: 0}
  m_PrefabAsset: {fileID: 0}
  m_GameObject: {fileID: 1454036990316629429}
  m_Enabled: 1
  m_EditorHideFlags: 0
  m_Script: {fileID: 11500000, guid: 6e9d0b93cb7210f429824225722d8860, type: 3}
  m_Name: 
  m_EditorClassIdentifier: 
  _entityId: 
  _itemDefinitionObj: {fileID: 11400000, guid: 536781d16dc542449b31bece5f351192, type: 2}
--- !u!54 &2035569712420856368
Rigidbody:
  m_ObjectHideFlags: 0
  m_CorrespondingSourceObject: {fileID: 0}
  m_PrefabInstance: {fileID: 0}
  m_PrefabAsset: {fileID: 0}
  m_GameObject: {fileID: 1454036990316629429}
  serializedVersion: 2
  m_Mass: 5
  m_Drag: 0
  m_AngularDrag: 0.05
  m_UseGravity: 1
  m_IsKinematic: 0
  m_Interpolate: 0
  m_Constraints: 0
  m_CollisionDetection: 3
--- !u!114 &2241854590522227513
MonoBehaviour:
  m_ObjectHideFlags: 0
  m_CorrespondingSourceObject: {fileID: 0}
  m_PrefabInstance: {fileID: 0}
  m_PrefabAsset: {fileID: 0}
  m_GameObject: {fileID: 1454036990316629429}
  m_Enabled: 1
  m_EditorHideFlags: 0
  m_Script: {fileID: 11500000, guid: 15fa52700ee3b574bb5a04262fc1a35a, type: 3}
  m_Name: 
  m_EditorClassIdentifier: 
  _portalSuckInEnabled: 0
--- !u!114 &3811378810826610761
MonoBehaviour:
  m_ObjectHideFlags: 0
  m_CorrespondingSourceObject: {fileID: 0}
  m_PrefabInstance: {fileID: 0}
  m_PrefabAsset: {fileID: 0}
  m_GameObject: {fileID: 1454036990316629429}
  m_Enabled: 1
  m_EditorHideFlags: 0
  m_Script: {fileID: 11500000, guid: 37c631718501c8848918570086d10557, type: 3}
  m_Name: 
  m_EditorClassIdentifier: 
  _interactableDeciderObj: {fileID: 0}
  _itemEntityObj: {fileID: 1392329846204589850}
  _itemQuantity:
    _useInline: 1
    _inlineValue: 1
    _variable: {fileID: 0}
--- !u!1001 &1213560925712868625
PrefabInstance:
  m_ObjectHideFlags: 0
  serializedVersion: 2
  m_Modification:
    m_TransformParent: {fileID: 1392329846204589850}
    m_Modifications:
    - target: {fileID: 3597474446586969359, guid: 89ce900d0d7acd144987a54fad6294f4,
        type: 3}
      propertyPath: m_Name
      value: Basement Key Body
      objectReference: {fileID: 0}
    - target: {fileID: 4852338434245344716, guid: 89ce900d0d7acd144987a54fad6294f4,
        type: 3}
      propertyPath: m_RootOrder
      value: 1
      objectReference: {fileID: 0}
    - target: {fileID: 4852338434245344716, guid: 89ce900d0d7acd144987a54fad6294f4,
        type: 3}
      propertyPath: m_LocalPosition.x
      value: 0
      objectReference: {fileID: 0}
    - target: {fileID: 4852338434245344716, guid: 89ce900d0d7acd144987a54fad6294f4,
        type: 3}
      propertyPath: m_LocalPosition.y
      value: 0
      objectReference: {fileID: 0}
    - target: {fileID: 4852338434245344716, guid: 89ce900d0d7acd144987a54fad6294f4,
        type: 3}
      propertyPath: m_LocalPosition.z
      value: 0
      objectReference: {fileID: 0}
    - target: {fileID: 4852338434245344716, guid: 89ce900d0d7acd144987a54fad6294f4,
        type: 3}
      propertyPath: m_LocalRotation.w
      value: 1
      objectReference: {fileID: 0}
    - target: {fileID: 4852338434245344716, guid: 89ce900d0d7acd144987a54fad6294f4,
        type: 3}
      propertyPath: m_LocalRotation.x
      value: 0
      objectReference: {fileID: 0}
    - target: {fileID: 4852338434245344716, guid: 89ce900d0d7acd144987a54fad6294f4,
        type: 3}
      propertyPath: m_LocalRotation.y
      value: 0
      objectReference: {fileID: 0}
    - target: {fileID: 4852338434245344716, guid: 89ce900d0d7acd144987a54fad6294f4,
        type: 3}
      propertyPath: m_LocalRotation.z
      value: 0
      objectReference: {fileID: 0}
    - target: {fileID: 4852338434245344716, guid: 89ce900d0d7acd144987a54fad6294f4,
        type: 3}
      propertyPath: m_LocalEulerAnglesHint.x
      value: 0
      objectReference: {fileID: 0}
    - target: {fileID: 4852338434245344716, guid: 89ce900d0d7acd144987a54fad6294f4,
        type: 3}
      propertyPath: m_LocalEulerAnglesHint.y
      value: 0
      objectReference: {fileID: 0}
    - target: {fileID: 4852338434245344716, guid: 89ce900d0d7acd144987a54fad6294f4,
        type: 3}
      propertyPath: m_LocalEulerAnglesHint.z
      value: 0
      objectReference: {fileID: 0}
    m_RemovedComponents: []
  m_SourcePrefab: {fileID: 100100000, guid: 89ce900d0d7acd144987a54fad6294f4, type: 3}
--- !u!4 &6017256756630247645 stripped
Transform:
  m_CorrespondingSourceObject: {fileID: 4852338434245344716, guid: 89ce900d0d7acd144987a54fad6294f4,
    type: 3}
  m_PrefabInstance: {fileID: 1213560925712868625}
  m_PrefabAsset: {fileID: 0}
--- !u!1001 &2936289845475932418
PrefabInstance:
  m_ObjectHideFlags: 0
  serializedVersion: 2
  m_Modification:
    m_TransformParent: {fileID: 1392329846204589850}
    m_Modifications:
    - target: {fileID: 1703218249914866723, guid: dcdfb3165f5d54b458c66af67af1c5c3,
        type: 3}
      propertyPath: m_RootOrder
      value: 0
      objectReference: {fileID: 0}
    - target: {fileID: 1703218249914866723, guid: dcdfb3165f5d54b458c66af67af1c5c3,
        type: 3}
      propertyPath: m_LocalPosition.x
      value: 0
      objectReference: {fileID: 0}
    - target: {fileID: 1703218249914866723, guid: dcdfb3165f5d54b458c66af67af1c5c3,
        type: 3}
      propertyPath: m_LocalPosition.y
      value: 0
      objectReference: {fileID: 0}
    - target: {fileID: 1703218249914866723, guid: dcdfb3165f5d54b458c66af67af1c5c3,
        type: 3}
      propertyPath: m_LocalPosition.z
      value: 0
      objectReference: {fileID: 0}
    - target: {fileID: 1703218249914866723, guid: dcdfb3165f5d54b458c66af67af1c5c3,
        type: 3}
      propertyPath: m_LocalRotation.w
      value: 1
      objectReference: {fileID: 0}
    - target: {fileID: 1703218249914866723, guid: dcdfb3165f5d54b458c66af67af1c5c3,
        type: 3}
      propertyPath: m_LocalRotation.x
      value: 0
      objectReference: {fileID: 0}
    - target: {fileID: 1703218249914866723, guid: dcdfb3165f5d54b458c66af67af1c5c3,
        type: 3}
      propertyPath: m_LocalRotation.y
      value: 0
      objectReference: {fileID: 0}
    - target: {fileID: 1703218249914866723, guid: dcdfb3165f5d54b458c66af67af1c5c3,
        type: 3}
      propertyPath: m_LocalRotation.z
      value: 0
      objectReference: {fileID: 0}
    - target: {fileID: 1703218249914866723, guid: dcdfb3165f5d54b458c66af67af1c5c3,
        type: 3}
      propertyPath: m_LocalEulerAnglesHint.x
      value: 0
      objectReference: {fileID: 0}
    - target: {fileID: 1703218249914866723, guid: dcdfb3165f5d54b458c66af67af1c5c3,
        type: 3}
      propertyPath: m_LocalEulerAnglesHint.y
      value: 0
      objectReference: {fileID: 0}
    - target: {fileID: 1703218249914866723, guid: dcdfb3165f5d54b458c66af67af1c5c3,
        type: 3}
      propertyPath: m_LocalEulerAnglesHint.z
      value: 0
      objectReference: {fileID: 0}
    - target: {fileID: 4124397709746833393, guid: dcdfb3165f5d54b458c66af67af1c5c3,
        type: 3}
      propertyPath: m_Name
      value: Basement Key Model
      objectReference: {fileID: 0}
    m_RemovedComponents: []
  m_SourcePrefab: {fileID: 100100000, guid: dcdfb3165f5d54b458c66af67af1c5c3, type: 3}
--- !u!4 &4547729590697501985 stripped
Transform:
  m_CorrespondingSourceObject: {fileID: 1703218249914866723, guid: dcdfb3165f5d54b458c66af67af1c5c3,
    type: 3}
  m_PrefabInstance: {fileID: 2936289845475932418}
  m_PrefabAsset: {fileID: 0}
