%YAML 1.1
%TAG !u! tag:unity3d.com,2011:
--- !u!1 &197855822191271822
GameObject:
  m_ObjectHideFlags: 0
  m_CorrespondingSourceObject: {fileID: 0}
  m_PrefabInstance: {fileID: 0}
  m_PrefabAsset: {fileID: 0}
  serializedVersion: 6
  m_Component:
  - component: {fileID: 7305345229728741308}
  - component: {fileID: 450022826200021574}
  - component: {fileID: 2527856922343931187}
  m_Layer: 0
  m_Name: mesh
  m_TagString: Untagged
  m_Icon: {fileID: 0}
  m_NavMeshLayer: 0
  m_StaticEditorFlags: 4294967295
  m_IsActive: 1
--- !u!4 &7305345229728741308
Transform:
  m_ObjectHideFlags: 0
  m_CorrespondingSourceObject: {fileID: 0}
  m_PrefabInstance: {fileID: 0}
  m_PrefabAsset: {fileID: 0}
  m_GameObject: {fileID: 197855822191271822}
  m_LocalRotation: {x: -0, y: -0, z: -0, w: 1}
  m_LocalPosition: {x: 0, y: 0, z: 0}
  m_LocalScale: {x: 1, y: 1, z: 1}
  m_ConstrainProportionsScale: 0
  m_Children: []
  m_Father: {fileID: 3874276819748480292}
  m_RootOrder: 0
  m_LocalEulerAnglesHint: {x: 0, y: 0, z: 0}
--- !u!33 &450022826200021574
MeshFilter:
  m_ObjectHideFlags: 0
  m_CorrespondingSourceObject: {fileID: 0}
  m_PrefabInstance: {fileID: 0}
  m_PrefabAsset: {fileID: 0}
  m_GameObject: {fileID: 197855822191271822}
  m_Mesh: {fileID: -9123796940140740912, guid: a6a3af7f16a0cc54b8979efc8f0f6902, type: 3}
--- !u!23 &2527856922343931187
MeshRenderer:
  m_ObjectHideFlags: 0
  m_CorrespondingSourceObject: {fileID: 0}
  m_PrefabInstance: {fileID: 0}
  m_PrefabAsset: {fileID: 0}
  m_GameObject: {fileID: 197855822191271822}
  m_Enabled: 1
  m_CastShadows: 1
  m_ReceiveShadows: 1
  m_DynamicOccludee: 1
  m_StaticShadowCaster: 0
  m_MotionVectors: 1
  m_LightProbeUsage: 1
  m_ReflectionProbeUsage: 1
  m_RayTracingMode: 2
  m_RayTraceProcedural: 0
  m_RenderingLayerMask: 1
  m_RendererPriority: 0
  m_Materials:
  - {fileID: 2100000, guid: d08cbf798f8213d4eba5e16910ff5388, type: 2}
  - {fileID: 2100000, guid: 78f200ac03f120a41ac228cb5f2a2bef, type: 2}
  m_StaticBatchInfo:
    firstSubMesh: 0
    subMeshCount: 0
  m_StaticBatchRoot: {fileID: 0}
  m_ProbeAnchor: {fileID: 0}
  m_LightProbeVolumeOverride: {fileID: 0}
  m_ScaleInLightmap: 2
  m_ReceiveGI: 1
  m_PreserveUVs: 0
  m_IgnoreNormalsForChartDetection: 0
  m_ImportantGI: 0
  m_StitchLightmapSeams: 1
  m_SelectedEditorRenderState: 3
  m_MinimumChartSize: 4
  m_AutoUVMaxDistance: 0.5
  m_AutoUVMaxAngle: 89
  m_LightmapParameters: {fileID: 0}
  m_SortingLayerID: 0
  m_SortingLayer: 0
  m_SortingOrder: 0
  m_AdditionalVertexStreams: {fileID: 0}
--- !u!1 &2815796281988229558
GameObject:
  m_ObjectHideFlags: 0
  m_CorrespondingSourceObject: {fileID: 0}
  m_PrefabInstance: {fileID: 0}
  m_PrefabAsset: {fileID: 0}
  serializedVersion: 6
  m_Component:
  - component: {fileID: 9146075311641016191}
  - component: {fileID: 5382947450180111852}
  m_Layer: 0
  m_Name: body
  m_TagString: Untagged
  m_Icon: {fileID: 0}
  m_NavMeshLayer: 0
  m_StaticEditorFlags: 4294967295
  m_IsActive: 1
--- !u!4 &9146075311641016191
Transform:
  m_ObjectHideFlags: 0
  m_CorrespondingSourceObject: {fileID: 0}
  m_PrefabInstance: {fileID: 0}
  m_PrefabAsset: {fileID: 0}
  m_GameObject: {fileID: 2815796281988229558}
  m_LocalRotation: {x: -0, y: -0, z: -0, w: 1}
  m_LocalPosition: {x: 0, y: 0, z: 0}
  m_LocalScale: {x: 1, y: 1, z: 1}
  m_ConstrainProportionsScale: 0
  m_Children:
  - {fileID: 6335450558643812859}
  - {fileID: 2378156680558899427}
  m_Father: {fileID: 3874276819748480292}
  m_RootOrder: 1
  m_LocalEulerAnglesHint: {x: 0, y: 0, z: 0}
--- !u!54 &5382947450180111852
Rigidbody:
  m_ObjectHideFlags: 0
  m_CorrespondingSourceObject: {fileID: 0}
  m_PrefabInstance: {fileID: 0}
  m_PrefabAsset: {fileID: 0}
  m_GameObject: {fileID: 2815796281988229558}
  serializedVersion: 2
  m_Mass: 100
  m_Drag: 0
  m_AngularDrag: 0.05
  m_UseGravity: 0
  m_IsKinematic: 1
  m_Interpolate: 0
  m_Constraints: 126
  m_CollisionDetection: 3
--- !u!1 &4508070865360076702
GameObject:
  m_ObjectHideFlags: 0
  m_CorrespondingSourceObject: {fileID: 0}
  m_PrefabInstance: {fileID: 0}
  m_PrefabAsset: {fileID: 0}
  serializedVersion: 6
  m_Component:
  - component: {fileID: 3874276819748480292}
  - component: {fileID: 8371690148716409621}
  m_Layer: 0
  m_Name: Kitchen_counter_separate
  m_TagString: Untagged
  m_Icon: {fileID: 0}
  m_NavMeshLayer: 0
  m_StaticEditorFlags: 4294967295
  m_IsActive: 1
--- !u!4 &3874276819748480292
Transform:
  m_ObjectHideFlags: 0
  m_CorrespondingSourceObject: {fileID: 0}
  m_PrefabInstance: {fileID: 0}
  m_PrefabAsset: {fileID: 0}
  m_GameObject: {fileID: 4508070865360076702}
  m_LocalRotation: {x: 0, y: 0, z: 0, w: 1}
  m_LocalPosition: {x: 0, y: 0, z: 0}
  m_LocalScale: {x: 1, y: 1, z: 1}
  m_ConstrainProportionsScale: 0
  m_Children:
  - {fileID: 7305345229728741308}
  - {fileID: 9146075311641016191}
  - {fileID: 2357403484795179526}
  - {fileID: 7000105436774499469}
  - {fileID: 6345311768578732798}
  - {fileID: 8872827102269311450}
  - {fileID: 6936084749549088698}
  - {fileID: 6550996501807650762}
  - {fileID: 4689077050904779125}
  - {fileID: 4957695111865038159}
  - {fileID: 2767785407788242554}
  - {fileID: 5210312320243961597}
  - {fileID: 8650199269959917619}
  - {fileID: 661269666277106119}
  m_Father: {fileID: 0}
  m_RootOrder: 0
  m_LocalEulerAnglesHint: {x: 0, y: 0, z: 0}
--- !u!114 &8371690148716409621
MonoBehaviour:
  m_ObjectHideFlags: 0
  m_CorrespondingSourceObject: {fileID: 0}
  m_PrefabInstance: {fileID: 0}
  m_PrefabAsset: {fileID: 0}
  m_GameObject: {fileID: 4508070865360076702}
  m_Enabled: 1
  m_EditorHideFlags: 0
  m_Script: {fileID: 11500000, guid: 78d3418f279caf142804b86300f8f1d6, type: 3}
  m_Name: 
  m_EditorClassIdentifier: 
  _entityId: 
--- !u!1 &7975437542054473464
GameObject:
  m_ObjectHideFlags: 0
  m_CorrespondingSourceObject: {fileID: 0}
  m_PrefabInstance: {fileID: 0}
  m_PrefabAsset: {fileID: 0}
  serializedVersion: 6
  m_Component:
  - component: {fileID: 6335450558643812859}
  - component: {fileID: 8476189261123356187}
  - component: {fileID: 6493200538834805754}
  - component: {fileID: 2155902030527592767}
  - component: {fileID: 6151257783392289150}
  - component: {fileID: 4301882246096926548}
  - component: {fileID: 8074366190290250123}
  - component: {fileID: 1109711769547041366}
  - component: {fileID: 987271899293187651}
  m_Layer: 0
  m_Name: wood
  m_TagString: Untagged
  m_Icon: {fileID: 0}
  m_NavMeshLayer: 0
  m_StaticEditorFlags: 4294967295
  m_IsActive: 1
--- !u!4 &6335450558643812859
Transform:
  m_ObjectHideFlags: 0
  m_CorrespondingSourceObject: {fileID: 0}
  m_PrefabInstance: {fileID: 0}
  m_PrefabAsset: {fileID: 0}
  m_GameObject: {fileID: 7975437542054473464}
  m_LocalRotation: {x: -0, y: -0, z: -0, w: 1}
  m_LocalPosition: {x: 0, y: 0, z: 0}
  m_LocalScale: {x: 1, y: 1, z: 1}
  m_ConstrainProportionsScale: 0
  m_Children: []
  m_Father: {fileID: 9146075311641016191}
  m_RootOrder: 0
  m_LocalEulerAnglesHint: {x: 0, y: 0, z: 0}
--- !u!114 &8476189261123356187
MonoBehaviour:
  m_ObjectHideFlags: 0
  m_CorrespondingSourceObject: {fileID: 0}
  m_PrefabInstance: {fileID: 0}
  m_PrefabAsset: {fileID: 0}
  m_GameObject: {fileID: 7975437542054473464}
  m_Enabled: 1
  m_EditorHideFlags: 0
  m_Script: {fileID: 11500000, guid: f2ceca84b64fc284aa1b4fc82564f40b, type: 3}
  m_Name: 
  m_EditorClassIdentifier: 
  _materialDefintiion: {fileID: 11400000, guid: ffce2381f48f540408875efb2edae3a8,
    type: 2}
--- !u!65 &6493200538834805754
BoxCollider:
  m_ObjectHideFlags: 0
  m_CorrespondingSourceObject: {fileID: 0}
  m_PrefabInstance: {fileID: 0}
  m_PrefabAsset: {fileID: 0}
  m_GameObject: {fileID: 7975437542054473464}
  m_Material: {fileID: 0}
  m_IsTrigger: 0
  m_Enabled: 1
  serializedVersion: 2
  m_Size: {x: 0.06, y: 0.92, z: 0.6}
  m_Center: {x: 0.25, y: 0.46, z: 0.1}
--- !u!65 &2155902030527592767
BoxCollider:
  m_ObjectHideFlags: 0
  m_CorrespondingSourceObject: {fileID: 0}
  m_PrefabInstance: {fileID: 0}
  m_PrefabAsset: {fileID: 0}
  m_GameObject: {fileID: 7975437542054473464}
  m_Material: {fileID: 0}
  m_IsTrigger: 0
  m_Enabled: 1
  serializedVersion: 2
  m_Size: {x: 0.06, y: 0.92, z: 0.6}
  m_Center: {x: -0.25, y: 0.46, z: 0.1}
--- !u!65 &6151257783392289150
BoxCollider:
  m_ObjectHideFlags: 0
  m_CorrespondingSourceObject: {fileID: 0}
  m_PrefabInstance: {fileID: 0}
  m_PrefabAsset: {fileID: 0}
  m_GameObject: {fileID: 7975437542054473464}
  m_Material: {fileID: 0}
  m_IsTrigger: 0
  m_Enabled: 1
  serializedVersion: 2
  m_Size: {x: 0.03, y: 0.92, z: 0.6}
  m_Center: {x: 0.735, y: 0.46, z: 0.1}
--- !u!65 &4301882246096926548
BoxCollider:
  m_ObjectHideFlags: 0
  m_CorrespondingSourceObject: {fileID: 0}
  m_PrefabInstance: {fileID: 0}
  m_PrefabAsset: {fileID: 0}
  m_GameObject: {fileID: 7975437542054473464}
  m_Material: {fileID: 0}
  m_IsTrigger: 0
  m_Enabled: 1
  serializedVersion: 2
  m_Size: {x: 0.03, y: 0.92, z: 0.6}
  m_Center: {x: -0.735, y: 0.46, z: 0.1}
--- !u!65 &8074366190290250123
BoxCollider:
  m_ObjectHideFlags: 0
  m_CorrespondingSourceObject: {fileID: 0}
  m_PrefabInstance: {fileID: 0}
  m_PrefabAsset: {fileID: 0}
  m_GameObject: {fileID: 7975437542054473464}
  m_Material: {fileID: 0}
  m_IsTrigger: 0
  m_Enabled: 1
  serializedVersion: 2
  m_Size: {x: 1.48, y: 0.12, z: 0.6}
  m_Center: {x: 0, y: 0.05, z: 0.1}
--- !u!65 &1109711769547041366
BoxCollider:
  m_ObjectHideFlags: 0
  m_CorrespondingSourceObject: {fileID: 0}
  m_PrefabInstance: {fileID: 0}
  m_PrefabAsset: {fileID: 0}
  m_GameObject: {fileID: 7975437542054473464}
  m_Material: {fileID: 0}
  m_IsTrigger: 0
  m_Enabled: 1
  serializedVersion: 2
  m_Size: {x: 1.48, y: 0.06, z: 0.6}
  m_Center: {x: 0, y: 0.7, z: 0.1}
--- !u!65 &987271899293187651
BoxCollider:
  m_ObjectHideFlags: 0
  m_CorrespondingSourceObject: {fileID: 0}
  m_PrefabInstance: {fileID: 0}
  m_PrefabAsset: {fileID: 0}
  m_GameObject: {fileID: 7975437542054473464}
  m_Material: {fileID: 0}
  m_IsTrigger: 0
  m_Enabled: 1
  serializedVersion: 2
  m_Size: {x: 1.54, y: 0.92, z: 0.04}
  m_Center: {x: 0, y: 0.46, z: -0.2}
--- !u!1 &8801533189774491525
GameObject:
  m_ObjectHideFlags: 0
  m_CorrespondingSourceObject: {fileID: 0}
  m_PrefabInstance: {fileID: 0}
  m_PrefabAsset: {fileID: 0}
  serializedVersion: 6
  m_Component:
  - component: {fileID: 2378156680558899427}
  - component: {fileID: 8360058084538957850}
  - component: {fileID: 6461201859064191894}
  m_Layer: 0
  m_Name: counter
  m_TagString: Untagged
  m_Icon: {fileID: 0}
  m_NavMeshLayer: 0
  m_StaticEditorFlags: 0
  m_IsActive: 1
--- !u!4 &2378156680558899427
Transform:
  m_ObjectHideFlags: 0
  m_CorrespondingSourceObject: {fileID: 0}
  m_PrefabInstance: {fileID: 0}
  m_PrefabAsset: {fileID: 0}
  m_GameObject: {fileID: 8801533189774491525}
  m_LocalRotation: {x: 0, y: 0, z: 0, w: 1}
  m_LocalPosition: {x: 0, y: 0, z: 0}
  m_LocalScale: {x: 1, y: 1, z: 1}
  m_ConstrainProportionsScale: 0
  m_Children: []
  m_Father: {fileID: 9146075311641016191}
  m_RootOrder: 1
  m_LocalEulerAnglesHint: {x: 0, y: 0, z: 0}
--- !u!114 &8360058084538957850
MonoBehaviour:
  m_ObjectHideFlags: 0
  m_CorrespondingSourceObject: {fileID: 0}
  m_PrefabInstance: {fileID: 0}
  m_PrefabAsset: {fileID: 0}
  m_GameObject: {fileID: 8801533189774491525}
  m_Enabled: 1
  m_EditorHideFlags: 0
  m_Script: {fileID: 11500000, guid: f2ceca84b64fc284aa1b4fc82564f40b, type: 3}
  m_Name: 
  m_EditorClassIdentifier: 
  _materialDefintiion: {fileID: 11400000, guid: a7eee38d9cf81f34a8dec6b58b6513f1,
    type: 2}
--- !u!65 &6461201859064191894
BoxCollider:
  m_ObjectHideFlags: 0
  m_CorrespondingSourceObject: {fileID: 0}
  m_PrefabInstance: {fileID: 0}
  m_PrefabAsset: {fileID: 0}
  m_GameObject: {fileID: 8801533189774491525}
  m_Material: {fileID: 0}
  m_IsTrigger: 0
  m_Enabled: 1
  serializedVersion: 2
  m_Size: {x: 1.571705, y: 0.04, z: 0.8999991}
  m_Center: {x: 0, y: 0.93, z: 0}
--- !u!1001 &496308671819451041
PrefabInstance:
  m_ObjectHideFlags: 0
  serializedVersion: 2
  m_Modification:
    m_TransformParent: {fileID: 3874276819748480292}
    m_Modifications:
    - target: {fileID: 1138974584101317478, guid: 0f925f791ca912a48a9d65209fcab447,
        type: 3}
      propertyPath: m_RootOrder
      value: 13
      objectReference: {fileID: 0}
    - target: {fileID: 1138974584101317478, guid: 0f925f791ca912a48a9d65209fcab447,
        type: 3}
      propertyPath: m_LocalPosition.x
      value: -0.498
      objectReference: {fileID: 0}
    - target: {fileID: 1138974584101317478, guid: 0f925f791ca912a48a9d65209fcab447,
        type: 3}
      propertyPath: m_LocalPosition.y
      value: 0.8131
      objectReference: {fileID: 0}
    - target: {fileID: 1138974584101317478, guid: 0f925f791ca912a48a9d65209fcab447,
        type: 3}
      propertyPath: m_LocalPosition.z
      value: 0.466
      objectReference: {fileID: 0}
    - target: {fileID: 1138974584101317478, guid: 0f925f791ca912a48a9d65209fcab447,
        type: 3}
      propertyPath: m_LocalRotation.w
      value: 1
      objectReference: {fileID: 0}
    - target: {fileID: 1138974584101317478, guid: 0f925f791ca912a48a9d65209fcab447,
        type: 3}
      propertyPath: m_LocalRotation.x
      value: -0
      objectReference: {fileID: 0}
    - target: {fileID: 1138974584101317478, guid: 0f925f791ca912a48a9d65209fcab447,
        type: 3}
      propertyPath: m_LocalRotation.y
      value: -0
      objectReference: {fileID: 0}
    - target: {fileID: 1138974584101317478, guid: 0f925f791ca912a48a9d65209fcab447,
        type: 3}
      propertyPath: m_LocalRotation.z
      value: -0
      objectReference: {fileID: 0}
    - target: {fileID: 1138974584101317478, guid: 0f925f791ca912a48a9d65209fcab447,
        type: 3}
      propertyPath: m_LocalEulerAnglesHint.x
      value: 0
      objectReference: {fileID: 0}
    - target: {fileID: 1138974584101317478, guid: 0f925f791ca912a48a9d65209fcab447,
        type: 3}
      propertyPath: m_LocalEulerAnglesHint.y
      value: 0
      objectReference: {fileID: 0}
    - target: {fileID: 1138974584101317478, guid: 0f925f791ca912a48a9d65209fcab447,
        type: 3}
      propertyPath: m_LocalEulerAnglesHint.z
      value: 0
      objectReference: {fileID: 0}
    - target: {fileID: 4928070050534057772, guid: 0f925f791ca912a48a9d65209fcab447,
        type: 3}
      propertyPath: m_Name
      value: Wood Drawer Audio (2)
      objectReference: {fileID: 0}
    - target: {fileID: 6638365154243604630, guid: 0f925f791ca912a48a9d65209fcab447,
        type: 3}
      propertyPath: _linearMoverObj
      value: 
      objectReference: {fileID: 6345311768578732798}
    m_RemovedComponents: []
  m_SourcePrefab: {fileID: 100100000, guid: 0f925f791ca912a48a9d65209fcab447, type: 3}
--- !u!4 &661269666277106119 stripped
Transform:
  m_CorrespondingSourceObject: {fileID: 1138974584101317478, guid: 0f925f791ca912a48a9d65209fcab447,
    type: 3}
  m_PrefabInstance: {fileID: 496308671819451041}
  m_PrefabAsset: {fileID: 0}
--- !u!1001 &641401791730476816
PrefabInstance:
  m_ObjectHideFlags: 0
  serializedVersion: 2
  m_Modification:
    m_TransformParent: {fileID: 3874276819748480292}
    m_Modifications:
    - target: {fileID: 5518284635392513929, guid: 1aa689e4d2e16354e97432c7767d059a,
        type: 3}
      propertyPath: m_ConnectedBody
      value: 
      objectReference: {fileID: 5382947450180111852}
    - target: {fileID: 5913058171717857498, guid: 1aa689e4d2e16354e97432c7767d059a,
        type: 3}
      propertyPath: m_RootOrder
      value: 7
      objectReference: {fileID: 0}
    - target: {fileID: 5913058171717857498, guid: 1aa689e4d2e16354e97432c7767d059a,
        type: 3}
      propertyPath: m_LocalPosition.x
      value: 0.723
      objectReference: {fileID: 0}
    - target: {fileID: 5913058171717857498, guid: 1aa689e4d2e16354e97432c7767d059a,
        type: 3}
      propertyPath: m_LocalPosition.y
      value: 0.3916
      objectReference: {fileID: 0}
    - target: {fileID: 5913058171717857498, guid: 1aa689e4d2e16354e97432c7767d059a,
        type: 3}
      propertyPath: m_LocalPosition.z
      value: 0.41720015
      objectReference: {fileID: 0}
    - target: {fileID: 5913058171717857498, guid: 1aa689e4d2e16354e97432c7767d059a,
        type: 3}
      propertyPath: m_LocalRotation.w
      value: 1
      objectReference: {fileID: 0}
    - target: {fileID: 5913058171717857498, guid: 1aa689e4d2e16354e97432c7767d059a,
        type: 3}
      propertyPath: m_LocalRotation.x
      value: -0
      objectReference: {fileID: 0}
    - target: {fileID: 5913058171717857498, guid: 1aa689e4d2e16354e97432c7767d059a,
        type: 3}
      propertyPath: m_LocalRotation.y
      value: -0
      objectReference: {fileID: 0}
    - target: {fileID: 5913058171717857498, guid: 1aa689e4d2e16354e97432c7767d059a,
        type: 3}
      propertyPath: m_LocalRotation.z
      value: -0
      objectReference: {fileID: 0}
    - target: {fileID: 5913058171717857498, guid: 1aa689e4d2e16354e97432c7767d059a,
        type: 3}
      propertyPath: m_LocalEulerAnglesHint.x
      value: 0
      objectReference: {fileID: 0}
    - target: {fileID: 5913058171717857498, guid: 1aa689e4d2e16354e97432c7767d059a,
        type: 3}
      propertyPath: m_LocalEulerAnglesHint.y
      value: -170.037
      objectReference: {fileID: 0}
    - target: {fileID: 5913058171717857498, guid: 1aa689e4d2e16354e97432c7767d059a,
        type: 3}
      propertyPath: m_LocalEulerAnglesHint.z
      value: 0
      objectReference: {fileID: 0}
    - target: {fileID: 6432468171105954400, guid: 1aa689e4d2e16354e97432c7767d059a,
        type: 3}
      propertyPath: m_Name
      value: Kitchen_counter_door_L (1)
      objectReference: {fileID: 0}
    m_RemovedComponents: []
  m_SourcePrefab: {fileID: 100100000, guid: 1aa689e4d2e16354e97432c7767d059a, type: 3}
--- !u!4 &6550996501807650762 stripped
Transform:
  m_CorrespondingSourceObject: {fileID: 5913058171717857498, guid: 1aa689e4d2e16354e97432c7767d059a,
    type: 3}
  m_PrefabInstance: {fileID: 641401791730476816}
  m_PrefabAsset: {fileID: 0}
--- !u!1001 &3584040809383167324
PrefabInstance:
  m_ObjectHideFlags: 0
  serializedVersion: 2
  m_Modification:
    m_TransformParent: {fileID: 3874276819748480292}
    m_Modifications:
    - target: {fileID: 1800633419541323480, guid: 6bc6b39a71391bf44ae7578d77ba4be1,
        type: 3}
      propertyPath: _hingeObj
      value: 
      objectReference: {fileID: 8872827102269311450}
    - target: {fileID: 4531139442365380861, guid: 6bc6b39a71391bf44ae7578d77ba4be1,
        type: 3}
      propertyPath: m_Name
      value: Wood Door Audio R
      objectReference: {fileID: 0}
    - target: {fileID: 8119955611112971305, guid: 6bc6b39a71391bf44ae7578d77ba4be1,
        type: 3}
      propertyPath: m_RootOrder
      value: 8
      objectReference: {fileID: 0}
    - target: {fileID: 8119955611112971305, guid: 6bc6b39a71391bf44ae7578d77ba4be1,
        type: 3}
      propertyPath: m_LocalPosition.x
      value: 0.2303
      objectReference: {fileID: 0}
    - target: {fileID: 8119955611112971305, guid: 6bc6b39a71391bf44ae7578d77ba4be1,
        type: 3}
      propertyPath: m_LocalPosition.y
      value: 0.413
      objectReference: {fileID: 0}
    - target: {fileID: 8119955611112971305, guid: 6bc6b39a71391bf44ae7578d77ba4be1,
        type: 3}
      propertyPath: m_LocalPosition.z
      value: 0.4143
      objectReference: {fileID: 0}
    - target: {fileID: 8119955611112971305, guid: 6bc6b39a71391bf44ae7578d77ba4be1,
        type: 3}
      propertyPath: m_LocalRotation.w
      value: 1
      objectReference: {fileID: 0}
    - target: {fileID: 8119955611112971305, guid: 6bc6b39a71391bf44ae7578d77ba4be1,
        type: 3}
      propertyPath: m_LocalRotation.x
      value: 0
      objectReference: {fileID: 0}
    - target: {fileID: 8119955611112971305, guid: 6bc6b39a71391bf44ae7578d77ba4be1,
        type: 3}
      propertyPath: m_LocalRotation.y
      value: 0
      objectReference: {fileID: 0}
    - target: {fileID: 8119955611112971305, guid: 6bc6b39a71391bf44ae7578d77ba4be1,
        type: 3}
      propertyPath: m_LocalRotation.z
      value: 0
      objectReference: {fileID: 0}
    - target: {fileID: 8119955611112971305, guid: 6bc6b39a71391bf44ae7578d77ba4be1,
        type: 3}
      propertyPath: m_LocalEulerAnglesHint.x
      value: 0
      objectReference: {fileID: 0}
    - target: {fileID: 8119955611112971305, guid: 6bc6b39a71391bf44ae7578d77ba4be1,
        type: 3}
      propertyPath: m_LocalEulerAnglesHint.y
      value: 0
      objectReference: {fileID: 0}
    - target: {fileID: 8119955611112971305, guid: 6bc6b39a71391bf44ae7578d77ba4be1,
        type: 3}
      propertyPath: m_LocalEulerAnglesHint.z
      value: 0
      objectReference: {fileID: 0}
    m_RemovedComponents: []
  m_SourcePrefab: {fileID: 100100000, guid: 6bc6b39a71391bf44ae7578d77ba4be1, type: 3}
--- !u!4 &4689077050904779125 stripped
Transform:
  m_CorrespondingSourceObject: {fileID: 8119955611112971305, guid: 6bc6b39a71391bf44ae7578d77ba4be1,
    type: 3}
  m_PrefabInstance: {fileID: 3584040809383167324}
  m_PrefabAsset: {fileID: 0}
--- !u!1001 &3624987860187619168
PrefabInstance:
  m_ObjectHideFlags: 0
  serializedVersion: 2
  m_Modification:
    m_TransformParent: {fileID: 3874276819748480292}
    m_Modifications:
    - target: {fileID: 5518284635392513929, guid: 1aa689e4d2e16354e97432c7767d059a,
        type: 3}
      propertyPath: m_ConnectedBody
      value: 
      objectReference: {fileID: 5382947450180111852}
    - target: {fileID: 5913058171717857498, guid: 1aa689e4d2e16354e97432c7767d059a,
        type: 3}
      propertyPath: m_RootOrder
      value: 6
      objectReference: {fileID: 0}
    - target: {fileID: 5913058171717857498, guid: 1aa689e4d2e16354e97432c7767d059a,
        type: 3}
      propertyPath: m_LocalPosition.x
      value: -0.2720001
      objectReference: {fileID: 0}
    - target: {fileID: 5913058171717857498, guid: 1aa689e4d2e16354e97432c7767d059a,
        type: 3}
      propertyPath: m_LocalPosition.y
      value: 0.3916
      objectReference: {fileID: 0}
    - target: {fileID: 5913058171717857498, guid: 1aa689e4d2e16354e97432c7767d059a,
        type: 3}
      propertyPath: m_LocalPosition.z
      value: 0.41720006
      objectReference: {fileID: 0}
    - target: {fileID: 5913058171717857498, guid: 1aa689e4d2e16354e97432c7767d059a,
        type: 3}
      propertyPath: m_LocalRotation.w
      value: 1
      objectReference: {fileID: 0}
    - target: {fileID: 5913058171717857498, guid: 1aa689e4d2e16354e97432c7767d059a,
        type: 3}
      propertyPath: m_LocalRotation.x
      value: -0
      objectReference: {fileID: 0}
    - target: {fileID: 5913058171717857498, guid: 1aa689e4d2e16354e97432c7767d059a,
        type: 3}
      propertyPath: m_LocalRotation.y
      value: -0
      objectReference: {fileID: 0}
    - target: {fileID: 5913058171717857498, guid: 1aa689e4d2e16354e97432c7767d059a,
        type: 3}
      propertyPath: m_LocalRotation.z
      value: -0
      objectReference: {fileID: 0}
    - target: {fileID: 5913058171717857498, guid: 1aa689e4d2e16354e97432c7767d059a,
        type: 3}
      propertyPath: m_LocalEulerAnglesHint.x
      value: 0
      objectReference: {fileID: 0}
    - target: {fileID: 5913058171717857498, guid: 1aa689e4d2e16354e97432c7767d059a,
        type: 3}
      propertyPath: m_LocalEulerAnglesHint.y
      value: -170.037
      objectReference: {fileID: 0}
    - target: {fileID: 5913058171717857498, guid: 1aa689e4d2e16354e97432c7767d059a,
        type: 3}
      propertyPath: m_LocalEulerAnglesHint.z
      value: 0
      objectReference: {fileID: 0}
    - target: {fileID: 6432468171105954400, guid: 1aa689e4d2e16354e97432c7767d059a,
        type: 3}
      propertyPath: m_Name
      value: Kitchen_counter_door_L
      objectReference: {fileID: 0}
    m_RemovedComponents: []
  m_SourcePrefab: {fileID: 100100000, guid: 1aa689e4d2e16354e97432c7767d059a, type: 3}
--- !u!4 &6936084749549088698 stripped
Transform:
  m_CorrespondingSourceObject: {fileID: 5913058171717857498, guid: 1aa689e4d2e16354e97432c7767d059a,
    type: 3}
  m_PrefabInstance: {fileID: 3624987860187619168}
  m_PrefabAsset: {fileID: 0}
--- !u!1001 &3624987861231784339
PrefabInstance:
  m_ObjectHideFlags: 0
  serializedVersion: 2
  m_Modification:
    m_TransformParent: {fileID: 3874276819748480292}
    m_Modifications:
    - target: {fileID: 1367307280762979221, guid: cecb8e01d367b964e8e8457f9c06d048,
        type: 3}
      propertyPath: m_RootOrder
      value: 2
      objectReference: {fileID: 0}
    - target: {fileID: 1367307280762979221, guid: cecb8e01d367b964e8e8457f9c06d048,
        type: 3}
      propertyPath: m_LocalPosition.x
      value: 0.49839994
      objectReference: {fileID: 0}
    - target: {fileID: 1367307280762979221, guid: cecb8e01d367b964e8e8457f9c06d048,
        type: 3}
      propertyPath: m_LocalPosition.y
      value: 0.8131
      objectReference: {fileID: 0}
    - target: {fileID: 1367307280762979221, guid: cecb8e01d367b964e8e8457f9c06d048,
        type: 3}
      propertyPath: m_LocalPosition.z
      value: 0.46570018
      objectReference: {fileID: 0}
    - target: {fileID: 1367307280762979221, guid: cecb8e01d367b964e8e8457f9c06d048,
        type: 3}
      propertyPath: m_LocalRotation.w
      value: 1
      objectReference: {fileID: 0}
    - target: {fileID: 1367307280762979221, guid: cecb8e01d367b964e8e8457f9c06d048,
        type: 3}
      propertyPath: m_LocalRotation.x
      value: -0
      objectReference: {fileID: 0}
    - target: {fileID: 1367307280762979221, guid: cecb8e01d367b964e8e8457f9c06d048,
        type: 3}
      propertyPath: m_LocalRotation.y
      value: -0
      objectReference: {fileID: 0}
    - target: {fileID: 1367307280762979221, guid: cecb8e01d367b964e8e8457f9c06d048,
        type: 3}
      propertyPath: m_LocalRotation.z
      value: -0
      objectReference: {fileID: 0}
    - target: {fileID: 1367307280762979221, guid: cecb8e01d367b964e8e8457f9c06d048,
        type: 3}
      propertyPath: m_LocalEulerAnglesHint.x
      value: 0
      objectReference: {fileID: 0}
    - target: {fileID: 1367307280762979221, guid: cecb8e01d367b964e8e8457f9c06d048,
        type: 3}
      propertyPath: m_LocalEulerAnglesHint.y
      value: -169.46501
      objectReference: {fileID: 0}
    - target: {fileID: 1367307280762979221, guid: cecb8e01d367b964e8e8457f9c06d048,
        type: 3}
      propertyPath: m_LocalEulerAnglesHint.z
      value: 0
      objectReference: {fileID: 0}
    - target: {fileID: 1851672237323491631, guid: cecb8e01d367b964e8e8457f9c06d048,
        type: 3}
      propertyPath: m_Name
      value: Kitchen_counter_drawer
      objectReference: {fileID: 0}
    - target: {fileID: 6422833102243714053, guid: cecb8e01d367b964e8e8457f9c06d048,
        type: 3}
      propertyPath: m_ConnectedBody
      value: 
      objectReference: {fileID: 5382947450180111852}
    - target: {fileID: 6422833102243714053, guid: cecb8e01d367b964e8e8457f9c06d048,
        type: 3}
      propertyPath: m_ConnectedAnchor.x
      value: 0.4983999
      objectReference: {fileID: 0}
    - target: {fileID: 6422833102243714053, guid: cecb8e01d367b964e8e8457f9c06d048,
        type: 3}
      propertyPath: m_ConnectedAnchor.y
      value: 0.8131
      objectReference: {fileID: 0}
    - target: {fileID: 6422833102243714053, guid: cecb8e01d367b964e8e8457f9c06d048,
        type: 3}
      propertyPath: m_ConnectedAnchor.z
      value: 0.4657002
      objectReference: {fileID: 0}
    m_RemovedComponents: []
  m_SourcePrefab: {fileID: 100100000, guid: cecb8e01d367b964e8e8457f9c06d048, type: 3}
--- !u!4 &2357403484795179526 stripped
Transform:
  m_CorrespondingSourceObject: {fileID: 1367307280762979221, guid: cecb8e01d367b964e8e8457f9c06d048,
    type: 3}
  m_PrefabInstance: {fileID: 3624987861231784339}
  m_PrefabAsset: {fileID: 0}
--- !u!1001 &3624987861341500506
PrefabInstance:
  m_ObjectHideFlags: 0
  serializedVersion: 2
  m_Modification:
    m_TransformParent: {fileID: 3874276819748480292}
    m_Modifications:
    - target: {fileID: 4272250335840536604, guid: 21bd10f6f2ed98c408100aba24b2f050,
        type: 3}
      propertyPath: m_ConnectedBody
      value: 
      objectReference: {fileID: 5382947450180111852}
    - target: {fileID: 4766997332163307322, guid: 21bd10f6f2ed98c408100aba24b2f050,
        type: 3}
      propertyPath: m_Name
      value: Kitchen_counter_door_R
      objectReference: {fileID: 0}
    - target: {fileID: 5290628391574470016, guid: 21bd10f6f2ed98c408100aba24b2f050,
        type: 3}
      propertyPath: m_RootOrder
      value: 5
      objectReference: {fileID: 0}
    - target: {fileID: 5290628391574470016, guid: 21bd10f6f2ed98c408100aba24b2f050,
        type: 3}
      propertyPath: m_LocalPosition.x
      value: -0.22199991
      objectReference: {fileID: 0}
    - target: {fileID: 5290628391574470016, guid: 21bd10f6f2ed98c408100aba24b2f050,
        type: 3}
      propertyPath: m_LocalPosition.y
      value: 0.3916
      objectReference: {fileID: 0}
    - target: {fileID: 5290628391574470016, guid: 21bd10f6f2ed98c408100aba24b2f050,
        type: 3}
      propertyPath: m_LocalPosition.z
      value: 0.41720006
      objectReference: {fileID: 0}
    - target: {fileID: 5290628391574470016, guid: 21bd10f6f2ed98c408100aba24b2f050,
        type: 3}
      propertyPath: m_LocalRotation.w
      value: 1
      objectReference: {fileID: 0}
    - target: {fileID: 5290628391574470016, guid: 21bd10f6f2ed98c408100aba24b2f050,
        type: 3}
      propertyPath: m_LocalRotation.x
      value: -0
      objectReference: {fileID: 0}
    - target: {fileID: 5290628391574470016, guid: 21bd10f6f2ed98c408100aba24b2f050,
        type: 3}
      propertyPath: m_LocalRotation.y
      value: -0
      objectReference: {fileID: 0}
    - target: {fileID: 5290628391574470016, guid: 21bd10f6f2ed98c408100aba24b2f050,
        type: 3}
      propertyPath: m_LocalRotation.z
      value: -0
      objectReference: {fileID: 0}
    - target: {fileID: 5290628391574470016, guid: 21bd10f6f2ed98c408100aba24b2f050,
        type: 3}
      propertyPath: m_LocalEulerAnglesHint.x
      value: 0
      objectReference: {fileID: 0}
    - target: {fileID: 5290628391574470016, guid: 21bd10f6f2ed98c408100aba24b2f050,
        type: 3}
      propertyPath: m_LocalEulerAnglesHint.y
      value: -170.037
      objectReference: {fileID: 0}
    - target: {fileID: 5290628391574470016, guid: 21bd10f6f2ed98c408100aba24b2f050,
        type: 3}
      propertyPath: m_LocalEulerAnglesHint.z
      value: 0
      objectReference: {fileID: 0}
    m_RemovedComponents: []
  m_SourcePrefab: {fileID: 100100000, guid: 21bd10f6f2ed98c408100aba24b2f050, type: 3}
--- !u!4 &8872827102269311450 stripped
Transform:
  m_CorrespondingSourceObject: {fileID: 5290628391574470016, guid: 21bd10f6f2ed98c408100aba24b2f050,
    type: 3}
  m_PrefabInstance: {fileID: 3624987861341500506}
  m_PrefabAsset: {fileID: 0}
--- !u!1001 &3774761907483044198
PrefabInstance:
  m_ObjectHideFlags: 0
  serializedVersion: 2
  m_Modification:
    m_TransformParent: {fileID: 3874276819748480292}
    m_Modifications:
    - target: {fileID: 1800633419541323480, guid: 6bc6b39a71391bf44ae7578d77ba4be1,
        type: 3}
      propertyPath: _hingeObj
      value: 
      objectReference: {fileID: 6936084749549088698}
    - target: {fileID: 4531139442365380861, guid: 6bc6b39a71391bf44ae7578d77ba4be1,
        type: 3}
      propertyPath: m_Name
      value: Wood Door Audio L
      objectReference: {fileID: 0}
    - target: {fileID: 8119955611112971305, guid: 6bc6b39a71391bf44ae7578d77ba4be1,
        type: 3}
      propertyPath: m_RootOrder
      value: 9
      objectReference: {fileID: 0}
    - target: {fileID: 8119955611112971305, guid: 6bc6b39a71391bf44ae7578d77ba4be1,
        type: 3}
      propertyPath: m_LocalPosition.x
      value: -0.729
      objectReference: {fileID: 0}
    - target: {fileID: 8119955611112971305, guid: 6bc6b39a71391bf44ae7578d77ba4be1,
        type: 3}
      propertyPath: m_LocalPosition.y
      value: 0.413
      objectReference: {fileID: 0}
    - target: {fileID: 8119955611112971305, guid: 6bc6b39a71391bf44ae7578d77ba4be1,
        type: 3}
      propertyPath: m_LocalPosition.z
      value: 0.4143
      objectReference: {fileID: 0}
    - target: {fileID: 8119955611112971305, guid: 6bc6b39a71391bf44ae7578d77ba4be1,
        type: 3}
      propertyPath: m_LocalRotation.w
      value: 1
      objectReference: {fileID: 0}
    - target: {fileID: 8119955611112971305, guid: 6bc6b39a71391bf44ae7578d77ba4be1,
        type: 3}
      propertyPath: m_LocalRotation.x
      value: 0
      objectReference: {fileID: 0}
    - target: {fileID: 8119955611112971305, guid: 6bc6b39a71391bf44ae7578d77ba4be1,
        type: 3}
      propertyPath: m_LocalRotation.y
      value: 0
      objectReference: {fileID: 0}
    - target: {fileID: 8119955611112971305, guid: 6bc6b39a71391bf44ae7578d77ba4be1,
        type: 3}
      propertyPath: m_LocalRotation.z
      value: 0
      objectReference: {fileID: 0}
    - target: {fileID: 8119955611112971305, guid: 6bc6b39a71391bf44ae7578d77ba4be1,
        type: 3}
      propertyPath: m_LocalEulerAnglesHint.x
      value: 0
      objectReference: {fileID: 0}
    - target: {fileID: 8119955611112971305, guid: 6bc6b39a71391bf44ae7578d77ba4be1,
        type: 3}
      propertyPath: m_LocalEulerAnglesHint.y
      value: 0
      objectReference: {fileID: 0}
    - target: {fileID: 8119955611112971305, guid: 6bc6b39a71391bf44ae7578d77ba4be1,
        type: 3}
      propertyPath: m_LocalEulerAnglesHint.z
      value: 0
      objectReference: {fileID: 0}
    m_RemovedComponents: []
  m_SourcePrefab: {fileID: 100100000, guid: 6bc6b39a71391bf44ae7578d77ba4be1, type: 3}
--- !u!4 &4957695111865038159 stripped
Transform:
  m_CorrespondingSourceObject: {fileID: 8119955611112971305, guid: 6bc6b39a71391bf44ae7578d77ba4be1,
    type: 3}
  m_PrefabInstance: {fileID: 3774761907483044198}
  m_PrefabAsset: {fileID: 0}
--- !u!1001 &5152342457382675867
PrefabInstance:
  m_ObjectHideFlags: 0
  serializedVersion: 2
  m_Modification:
    m_TransformParent: {fileID: 3874276819748480292}
    m_Modifications:
    - target: {fileID: 1138974584101317478, guid: 0f925f791ca912a48a9d65209fcab447,
        type: 3}
      propertyPath: m_RootOrder
      value: 11
      objectReference: {fileID: 0}
    - target: {fileID: 1138974584101317478, guid: 0f925f791ca912a48a9d65209fcab447,
        type: 3}
      propertyPath: m_LocalPosition.x
      value: 0.49839994
      objectReference: {fileID: 0}
    - target: {fileID: 1138974584101317478, guid: 0f925f791ca912a48a9d65209fcab447,
        type: 3}
      propertyPath: m_LocalPosition.y
      value: 0.8131
      objectReference: {fileID: 0}
    - target: {fileID: 1138974584101317478, guid: 0f925f791ca912a48a9d65209fcab447,
        type: 3}
      propertyPath: m_LocalPosition.z
      value: 0.46570018
      objectReference: {fileID: 0}
    - target: {fileID: 1138974584101317478, guid: 0f925f791ca912a48a9d65209fcab447,
        type: 3}
      propertyPath: m_LocalRotation.w
      value: 1
      objectReference: {fileID: 0}
    - target: {fileID: 1138974584101317478, guid: 0f925f791ca912a48a9d65209fcab447,
        type: 3}
      propertyPath: m_LocalRotation.x
      value: -0
      objectReference: {fileID: 0}
    - target: {fileID: 1138974584101317478, guid: 0f925f791ca912a48a9d65209fcab447,
        type: 3}
      propertyPath: m_LocalRotation.y
      value: -0
      objectReference: {fileID: 0}
    - target: {fileID: 1138974584101317478, guid: 0f925f791ca912a48a9d65209fcab447,
        type: 3}
      propertyPath: m_LocalRotation.z
      value: -0
      objectReference: {fileID: 0}
    - target: {fileID: 1138974584101317478, guid: 0f925f791ca912a48a9d65209fcab447,
        type: 3}
      propertyPath: m_LocalEulerAnglesHint.x
      value: 0
      objectReference: {fileID: 0}
    - target: {fileID: 1138974584101317478, guid: 0f925f791ca912a48a9d65209fcab447,
        type: 3}
      propertyPath: m_LocalEulerAnglesHint.y
      value: 0
      objectReference: {fileID: 0}
    - target: {fileID: 1138974584101317478, guid: 0f925f791ca912a48a9d65209fcab447,
        type: 3}
      propertyPath: m_LocalEulerAnglesHint.z
      value: 0
      objectReference: {fileID: 0}
    - target: {fileID: 4928070050534057772, guid: 0f925f791ca912a48a9d65209fcab447,
        type: 3}
      propertyPath: m_Name
      value: Wood Drawer Audio
      objectReference: {fileID: 0}
    - target: {fileID: 6638365154243604630, guid: 0f925f791ca912a48a9d65209fcab447,
        type: 3}
      propertyPath: _linearMoverObj
      value: 
      objectReference: {fileID: 2357403484795179526}
    m_RemovedComponents: []
  m_SourcePrefab: {fileID: 100100000, guid: 0f925f791ca912a48a9d65209fcab447, type: 3}
--- !u!4 &5210312320243961597 stripped
Transform:
  m_CorrespondingSourceObject: {fileID: 1138974584101317478, guid: 0f925f791ca912a48a9d65209fcab447,
    type: 3}
  m_PrefabInstance: {fileID: 5152342457382675867}
  m_PrefabAsset: {fileID: 0}
--- !u!1001 &5401704729570144619
PrefabInstance:
  m_ObjectHideFlags: 0
  serializedVersion: 2
  m_Modification:
    m_TransformParent: {fileID: 3874276819748480292}
    m_Modifications:
    - target: {fileID: 1367307280762979221, guid: cecb8e01d367b964e8e8457f9c06d048,
        type: 3}
      propertyPath: m_RootOrder
      value: 4
      objectReference: {fileID: 0}
    - target: {fileID: 1367307280762979221, guid: cecb8e01d367b964e8e8457f9c06d048,
        type: 3}
      propertyPath: m_LocalPosition.x
      value: -0.498
      objectReference: {fileID: 0}
    - target: {fileID: 1367307280762979221, guid: cecb8e01d367b964e8e8457f9c06d048,
        type: 3}
      propertyPath: m_LocalPosition.y
      value: 0.8131
      objectReference: {fileID: 0}
    - target: {fileID: 1367307280762979221, guid: cecb8e01d367b964e8e8457f9c06d048,
        type: 3}
      propertyPath: m_LocalPosition.z
      value: 0.466
      objectReference: {fileID: 0}
    - target: {fileID: 1367307280762979221, guid: cecb8e01d367b964e8e8457f9c06d048,
        type: 3}
      propertyPath: m_LocalRotation.w
      value: 1
      objectReference: {fileID: 0}
    - target: {fileID: 1367307280762979221, guid: cecb8e01d367b964e8e8457f9c06d048,
        type: 3}
      propertyPath: m_LocalRotation.x
      value: -0
      objectReference: {fileID: 0}
    - target: {fileID: 1367307280762979221, guid: cecb8e01d367b964e8e8457f9c06d048,
        type: 3}
      propertyPath: m_LocalRotation.y
      value: -0
      objectReference: {fileID: 0}
    - target: {fileID: 1367307280762979221, guid: cecb8e01d367b964e8e8457f9c06d048,
        type: 3}
      propertyPath: m_LocalRotation.z
      value: -0
      objectReference: {fileID: 0}
    - target: {fileID: 1367307280762979221, guid: cecb8e01d367b964e8e8457f9c06d048,
        type: 3}
      propertyPath: m_LocalEulerAnglesHint.x
      value: 0
      objectReference: {fileID: 0}
    - target: {fileID: 1367307280762979221, guid: cecb8e01d367b964e8e8457f9c06d048,
        type: 3}
      propertyPath: m_LocalEulerAnglesHint.y
      value: -169.46501
      objectReference: {fileID: 0}
    - target: {fileID: 1367307280762979221, guid: cecb8e01d367b964e8e8457f9c06d048,
        type: 3}
      propertyPath: m_LocalEulerAnglesHint.z
      value: 0
      objectReference: {fileID: 0}
    - target: {fileID: 1851672237323491631, guid: cecb8e01d367b964e8e8457f9c06d048,
        type: 3}
      propertyPath: m_Name
      value: Kitchen_counter_drawer (2)
      objectReference: {fileID: 0}
    - target: {fileID: 6422833102243714053, guid: cecb8e01d367b964e8e8457f9c06d048,
        type: 3}
      propertyPath: m_ConnectedBody
      value: 
      objectReference: {fileID: 5382947450180111852}
    - target: {fileID: 6422833102243714053, guid: cecb8e01d367b964e8e8457f9c06d048,
        type: 3}
      propertyPath: m_ConnectedAnchor.x
      value: -0.498
      objectReference: {fileID: 0}
    - target: {fileID: 6422833102243714053, guid: cecb8e01d367b964e8e8457f9c06d048,
        type: 3}
      propertyPath: m_ConnectedAnchor.y
      value: 0.8131
      objectReference: {fileID: 0}
    - target: {fileID: 6422833102243714053, guid: cecb8e01d367b964e8e8457f9c06d048,
        type: 3}
      propertyPath: m_ConnectedAnchor.z
      value: 0.466
      objectReference: {fileID: 0}
    m_RemovedComponents: []
  m_SourcePrefab: {fileID: 100100000, guid: cecb8e01d367b964e8e8457f9c06d048, type: 3}
--- !u!4 &6345311768578732798 stripped
Transform:
  m_CorrespondingSourceObject: {fileID: 1367307280762979221, guid: cecb8e01d367b964e8e8457f9c06d048,
    type: 3}
  m_PrefabInstance: {fileID: 5401704729570144619}
  m_PrefabAsset: {fileID: 0}
--- !u!1001 &6252903603106630227
PrefabInstance:
  m_ObjectHideFlags: 0
  serializedVersion: 2
  m_Modification:
    m_TransformParent: {fileID: 3874276819748480292}
    m_Modifications:
    - target: {fileID: 1800633419541323480, guid: 6bc6b39a71391bf44ae7578d77ba4be1,
        type: 3}
      propertyPath: _hingeObj
      value: 
      objectReference: {fileID: 6550996501807650762}
    - target: {fileID: 4531139442365380861, guid: 6bc6b39a71391bf44ae7578d77ba4be1,
        type: 3}
      propertyPath: m_Name
      value: Wood Door Audio L (1)
      objectReference: {fileID: 0}
    - target: {fileID: 8119955611112971305, guid: 6bc6b39a71391bf44ae7578d77ba4be1,
        type: 3}
      propertyPath: m_RootOrder
      value: 10
      objectReference: {fileID: 0}
    - target: {fileID: 8119955611112971305, guid: 6bc6b39a71391bf44ae7578d77ba4be1,
        type: 3}
      propertyPath: m_LocalPosition.x
      value: 0.2771
      objectReference: {fileID: 0}
    - target: {fileID: 8119955611112971305, guid: 6bc6b39a71391bf44ae7578d77ba4be1,
        type: 3}
      propertyPath: m_LocalPosition.y
      value: 0.413
      objectReference: {fileID: 0}
    - target: {fileID: 8119955611112971305, guid: 6bc6b39a71391bf44ae7578d77ba4be1,
        type: 3}
      propertyPath: m_LocalPosition.z
      value: 0.4143
      objectReference: {fileID: 0}
    - target: {fileID: 8119955611112971305, guid: 6bc6b39a71391bf44ae7578d77ba4be1,
        type: 3}
      propertyPath: m_LocalRotation.w
      value: 1
      objectReference: {fileID: 0}
    - target: {fileID: 8119955611112971305, guid: 6bc6b39a71391bf44ae7578d77ba4be1,
        type: 3}
      propertyPath: m_LocalRotation.x
      value: 0
      objectReference: {fileID: 0}
    - target: {fileID: 8119955611112971305, guid: 6bc6b39a71391bf44ae7578d77ba4be1,
        type: 3}
      propertyPath: m_LocalRotation.y
      value: 0
      objectReference: {fileID: 0}
    - target: {fileID: 8119955611112971305, guid: 6bc6b39a71391bf44ae7578d77ba4be1,
        type: 3}
      propertyPath: m_LocalRotation.z
      value: 0
      objectReference: {fileID: 0}
    - target: {fileID: 8119955611112971305, guid: 6bc6b39a71391bf44ae7578d77ba4be1,
        type: 3}
      propertyPath: m_LocalEulerAnglesHint.x
      value: 0
      objectReference: {fileID: 0}
    - target: {fileID: 8119955611112971305, guid: 6bc6b39a71391bf44ae7578d77ba4be1,
        type: 3}
      propertyPath: m_LocalEulerAnglesHint.y
      value: 0
      objectReference: {fileID: 0}
    - target: {fileID: 8119955611112971305, guid: 6bc6b39a71391bf44ae7578d77ba4be1,
        type: 3}
      propertyPath: m_LocalEulerAnglesHint.z
      value: 0
      objectReference: {fileID: 0}
    m_RemovedComponents: []
  m_SourcePrefab: {fileID: 100100000, guid: 6bc6b39a71391bf44ae7578d77ba4be1, type: 3}
--- !u!4 &2767785407788242554 stripped
Transform:
  m_CorrespondingSourceObject: {fileID: 8119955611112971305, guid: 6bc6b39a71391bf44ae7578d77ba4be1,
    type: 3}
  m_PrefabInstance: {fileID: 6252903603106630227}
  m_PrefabAsset: {fileID: 0}
--- !u!1001 &8348820987371276056
PrefabInstance:
  m_ObjectHideFlags: 0
  serializedVersion: 2
  m_Modification:
    m_TransformParent: {fileID: 3874276819748480292}
    m_Modifications:
    - target: {fileID: 1367307280762979221, guid: cecb8e01d367b964e8e8457f9c06d048,
        type: 3}
      propertyPath: m_RootOrder
      value: 3
      objectReference: {fileID: 0}
    - target: {fileID: 1367307280762979221, guid: cecb8e01d367b964e8e8457f9c06d048,
        type: 3}
      propertyPath: m_LocalPosition.x
      value: 0.0016
      objectReference: {fileID: 0}
    - target: {fileID: 1367307280762979221, guid: cecb8e01d367b964e8e8457f9c06d048,
        type: 3}
      propertyPath: m_LocalPosition.y
      value: 0.8131
      objectReference: {fileID: 0}
    - target: {fileID: 1367307280762979221, guid: cecb8e01d367b964e8e8457f9c06d048,
        type: 3}
      propertyPath: m_LocalPosition.z
      value: 0.4657
      objectReference: {fileID: 0}
    - target: {fileID: 1367307280762979221, guid: cecb8e01d367b964e8e8457f9c06d048,
        type: 3}
      propertyPath: m_LocalRotation.w
      value: 1
      objectReference: {fileID: 0}
    - target: {fileID: 1367307280762979221, guid: cecb8e01d367b964e8e8457f9c06d048,
        type: 3}
      propertyPath: m_LocalRotation.x
      value: -0
      objectReference: {fileID: 0}
    - target: {fileID: 1367307280762979221, guid: cecb8e01d367b964e8e8457f9c06d048,
        type: 3}
      propertyPath: m_LocalRotation.y
      value: -0
      objectReference: {fileID: 0}
    - target: {fileID: 1367307280762979221, guid: cecb8e01d367b964e8e8457f9c06d048,
        type: 3}
      propertyPath: m_LocalRotation.z
      value: -0
      objectReference: {fileID: 0}
    - target: {fileID: 1367307280762979221, guid: cecb8e01d367b964e8e8457f9c06d048,
        type: 3}
      propertyPath: m_LocalEulerAnglesHint.x
      value: 0
      objectReference: {fileID: 0}
    - target: {fileID: 1367307280762979221, guid: cecb8e01d367b964e8e8457f9c06d048,
        type: 3}
      propertyPath: m_LocalEulerAnglesHint.y
      value: -169.46501
      objectReference: {fileID: 0}
    - target: {fileID: 1367307280762979221, guid: cecb8e01d367b964e8e8457f9c06d048,
        type: 3}
      propertyPath: m_LocalEulerAnglesHint.z
      value: 0
      objectReference: {fileID: 0}
    - target: {fileID: 1851672237323491631, guid: cecb8e01d367b964e8e8457f9c06d048,
        type: 3}
      propertyPath: m_Name
      value: Kitchen_counter_drawer (1)
      objectReference: {fileID: 0}
    - target: {fileID: 6422833102243714053, guid: cecb8e01d367b964e8e8457f9c06d048,
        type: 3}
      propertyPath: m_ConnectedBody
      value: 
      objectReference: {fileID: 5382947450180111852}
    - target: {fileID: 6422833102243714053, guid: cecb8e01d367b964e8e8457f9c06d048,
        type: 3}
      propertyPath: m_ConnectedAnchor.x
      value: 0.0016
      objectReference: {fileID: 0}
    - target: {fileID: 6422833102243714053, guid: cecb8e01d367b964e8e8457f9c06d048,
        type: 3}
      propertyPath: m_ConnectedAnchor.y
      value: 0.8131
      objectReference: {fileID: 0}
    - target: {fileID: 6422833102243714053, guid: cecb8e01d367b964e8e8457f9c06d048,
        type: 3}
      propertyPath: m_ConnectedAnchor.z
      value: 0.4657
      objectReference: {fileID: 0}
    m_RemovedComponents: []
  m_SourcePrefab: {fileID: 100100000, guid: cecb8e01d367b964e8e8457f9c06d048, type: 3}
--- !u!4 &7000105436774499469 stripped
Transform:
  m_CorrespondingSourceObject: {fileID: 1367307280762979221, guid: cecb8e01d367b964e8e8457f9c06d048,
    type: 3}
  m_PrefabInstance: {fileID: 8348820987371276056}
  m_PrefabAsset: {fileID: 0}
--- !u!1001 &8630547520487115605
PrefabInstance:
  m_ObjectHideFlags: 0
  serializedVersion: 2
  m_Modification:
    m_TransformParent: {fileID: 3874276819748480292}
    m_Modifications:
    - target: {fileID: 1138974584101317478, guid: 0f925f791ca912a48a9d65209fcab447,
        type: 3}
      propertyPath: m_RootOrder
      value: 12
      objectReference: {fileID: 0}
    - target: {fileID: 1138974584101317478, guid: 0f925f791ca912a48a9d65209fcab447,
        type: 3}
      propertyPath: m_LocalPosition.x
      value: 0.0016
      objectReference: {fileID: 0}
    - target: {fileID: 1138974584101317478, guid: 0f925f791ca912a48a9d65209fcab447,
        type: 3}
      propertyPath: m_LocalPosition.y
      value: 0.8131
      objectReference: {fileID: 0}
    - target: {fileID: 1138974584101317478, guid: 0f925f791ca912a48a9d65209fcab447,
        type: 3}
      propertyPath: m_LocalPosition.z
      value: 0.4657
      objectReference: {fileID: 0}
    - target: {fileID: 1138974584101317478, guid: 0f925f791ca912a48a9d65209fcab447,
        type: 3}
      propertyPath: m_LocalRotation.w
      value: 1
      objectReference: {fileID: 0}
    - target: {fileID: 1138974584101317478, guid: 0f925f791ca912a48a9d65209fcab447,
        type: 3}
      propertyPath: m_LocalRotation.x
      value: -0
      objectReference: {fileID: 0}
    - target: {fileID: 1138974584101317478, guid: 0f925f791ca912a48a9d65209fcab447,
        type: 3}
      propertyPath: m_LocalRotation.y
      value: -0
      objectReference: {fileID: 0}
    - target: {fileID: 1138974584101317478, guid: 0f925f791ca912a48a9d65209fcab447,
        type: 3}
      propertyPath: m_LocalRotation.z
      value: -0
      objectReference: {fileID: 0}
    - target: {fileID: 1138974584101317478, guid: 0f925f791ca912a48a9d65209fcab447,
        type: 3}
      propertyPath: m_LocalEulerAnglesHint.x
      value: 0
      objectReference: {fileID: 0}
    - target: {fileID: 1138974584101317478, guid: 0f925f791ca912a48a9d65209fcab447,
        type: 3}
      propertyPath: m_LocalEulerAnglesHint.y
      value: 0
      objectReference: {fileID: 0}
    - target: {fileID: 1138974584101317478, guid: 0f925f791ca912a48a9d65209fcab447,
        type: 3}
      propertyPath: m_LocalEulerAnglesHint.z
      value: 0
      objectReference: {fileID: 0}
    - target: {fileID: 4928070050534057772, guid: 0f925f791ca912a48a9d65209fcab447,
        type: 3}
      propertyPath: m_Name
      value: Wood Drawer Audio (1)
      objectReference: {fileID: 0}
    - target: {fileID: 6638365154243604630, guid: 0f925f791ca912a48a9d65209fcab447,
        type: 3}
      propertyPath: _linearMoverObj
      value: 
      objectReference: {fileID: 7000105436774499469}
    m_RemovedComponents: []
  m_SourcePrefab: {fileID: 100100000, guid: 0f925f791ca912a48a9d65209fcab447, type: 3}
--- !u!4 &8650199269959917619 stripped
Transform:
  m_CorrespondingSourceObject: {fileID: 1138974584101317478, guid: 0f925f791ca912a48a9d65209fcab447,
    type: 3}
  m_PrefabInstance: {fileID: 8630547520487115605}
  m_PrefabAsset: {fileID: 0}
