%YAML 1.1
%TAG !u! tag:unity3d.com,2011:
--- !u!1 &2876543723734962931
GameObject:
  m_ObjectHideFlags: 0
  m_CorrespondingSourceObject: {fileID: 0}
  m_PrefabInstance: {fileID: 0}
  m_PrefabAsset: {fileID: 0}
  serializedVersion: 6
  m_Component:
  - component: {fileID: 5748999713231004578}
  - component: {fileID: 7182933830184067919}
  - component: {fileID: 785026100256498201}
  - component: {fileID: 2435031279769435361}
  m_Layer: 0
  m_Name: body
  m_TagString: Untagged
  m_Icon: {fileID: 0}
  m_NavMeshLayer: 0
  m_StaticEditorFlags: 4294967295
  m_IsActive: 1
--- !u!4 &5748999713231004578
Transform:
  m_ObjectHideFlags: 0
  m_CorrespondingSourceObject: {fileID: 0}
  m_PrefabInstance: {fileID: 0}
  m_PrefabAsset: {fileID: 0}
  m_GameObject: {fileID: 2876543723734962931}
  m_LocalRotation: {x: -0, y: -0, z: -0, w: 1}
  m_LocalPosition: {x: 1.5, y: 0, z: 0}
  m_LocalScale: {x: 1, y: 1, z: 1}
  m_ConstrainProportionsScale: 0
  m_Children: []
  m_Father: {fileID: 103746666699343044}
  m_RootOrder: 1
  m_LocalEulerAnglesHint: {x: 0, y: 0, z: 0}
--- !u!65 &7182933830184067919
BoxCollider:
  m_ObjectHideFlags: 0
  m_CorrespondingSourceObject: {fileID: 0}
  m_PrefabInstance: {fileID: 0}
  m_PrefabAsset: {fileID: 0}
  m_GameObject: {fileID: 2876543723734962931}
  m_Material: {fileID: 0}
  m_IsTrigger: 0
  m_Enabled: 1
  serializedVersion: 2
  m_Size: {x: 0.42, y: 2.82, z: 0.03}
  m_Center: {x: -2.8, y: 1.4, z: 0.1}
--- !u!65 &785026100256498201
BoxCollider:
  m_ObjectHideFlags: 0
  m_CorrespondingSourceObject: {fileID: 0}
  m_PrefabInstance: {fileID: 0}
  m_PrefabAsset: {fileID: 0}
  m_GameObject: {fileID: 2876543723734962931}
  m_Material: {fileID: 0}
  m_IsTrigger: 0
  m_Enabled: 1
  serializedVersion: 2
  m_Size: {x: 0.42, y: 2.82, z: 0.03}
  m_Center: {x: -0.2, y: 1.4, z: 0.1}
--- !u!65 &2435031279769435361
BoxCollider:
  m_ObjectHideFlags: 0
  m_CorrespondingSourceObject: {fileID: 0}
  m_PrefabInstance: {fileID: 0}
  m_PrefabAsset: {fileID: 0}
  m_GameObject: {fileID: 2876543723734962931}
  m_Material: {fileID: 0}
  m_IsTrigger: 0
  m_Enabled: 1
  serializedVersion: 2
  m_Size: {x: 3, y: 0.6, z: 0.03}
  m_Center: {x: -1.5, y: 2.55, z: 0.1}
--- !u!1 &3975496305927010007
GameObject:
  m_ObjectHideFlags: 0
  m_CorrespondingSourceObject: {fileID: 0}
  m_PrefabInstance: {fileID: 0}
  m_PrefabAsset: {fileID: 0}
  serializedVersion: 6
  m_Component:
  - component: {fileID: 103746666699343044}
  - component: {fileID: 8187565252579657440}
  m_Layer: 0
  m_Name: WallIn_A_3x_doordouble
  m_TagString: Untagged
  m_Icon: {fileID: 0}
  m_NavMeshLayer: 0
  m_StaticEditorFlags: 4294967295
  m_IsActive: 1
--- !u!4 &103746666699343044
Transform:
  m_ObjectHideFlags: 0
  m_CorrespondingSourceObject: {fileID: 0}
  m_PrefabInstance: {fileID: 0}
  m_PrefabAsset: {fileID: 0}
  m_GameObject: {fileID: 3975496305927010007}
  m_LocalRotation: {x: 0, y: 0, z: 0, w: 1}
  m_LocalPosition: {x: 0, y: 0, z: 0}
  m_LocalScale: {x: 1, y: 1, z: 1}
  m_ConstrainProportionsScale: 0
  m_Children:
  - {fileID: 103746666253584389}
  - {fileID: 5748999713231004578}
  - {fileID: 4411992014106276335}
  - {fileID: 920324487747132273}
  - {fileID: 3146127137678629832}
  - {fileID: 7197730730586418175}
  m_Father: {fileID: 0}
  m_RootOrder: 0
  m_LocalEulerAnglesHint: {x: 0, y: 0, z: 0}
--- !u!114 &8187565252579657440
MonoBehaviour:
  m_ObjectHideFlags: 0
  m_CorrespondingSourceObject: {fileID: 0}
  m_PrefabInstance: {fileID: 0}
  m_PrefabAsset: {fileID: 0}
  m_GameObject: {fileID: 3975496305927010007}
  m_Enabled: 1
  m_EditorHideFlags: 0
  m_Script: {fileID: 11500000, guid: f2ceca84b64fc284aa1b4fc82564f40b, type: 3}
  m_Name: 
  m_EditorClassIdentifier: 
  _materialDefintiion: {fileID: 11400000, guid: ffce2381f48f540408875efb2edae3a8,
    type: 2}
--- !u!1 &3975496306909772310
GameObject:
  m_ObjectHideFlags: 0
  m_CorrespondingSourceObject: {fileID: 0}
  m_PrefabInstance: {fileID: 0}
  m_PrefabAsset: {fileID: 0}
  serializedVersion: 6
  m_Component:
  - component: {fileID: 103746666253584389}
  - component: {fileID: 8947407486045008435}
  - component: {fileID: 3393210390646738634}
  m_Layer: 0
  m_Name: mesh
  m_TagString: Untagged
  m_Icon: {fileID: 0}
  m_NavMeshLayer: 0
  m_StaticEditorFlags: 4294967295
  m_IsActive: 1
--- !u!4 &103746666253584389
Transform:
  m_ObjectHideFlags: 0
  m_CorrespondingSourceObject: {fileID: 0}
  m_PrefabInstance: {fileID: 0}
  m_PrefabAsset: {fileID: 0}
  m_GameObject: {fileID: 3975496306909772310}
  m_LocalRotation: {x: -0, y: -0, z: -0, w: 1}
  m_LocalPosition: {x: 1.5, y: 0, z: 0}
  m_LocalScale: {x: 1, y: 1, z: 1}
  m_ConstrainProportionsScale: 0
  m_Children: []
  m_Father: {fileID: 103746666699343044}
  m_RootOrder: 0
  m_LocalEulerAnglesHint: {x: 0, y: 0, z: 0}
--- !u!33 &8947407486045008435
MeshFilter:
  m_ObjectHideFlags: 0
  m_CorrespondingSourceObject: {fileID: 0}
  m_PrefabInstance: {fileID: 0}
  m_PrefabAsset: {fileID: 0}
  m_GameObject: {fileID: 3975496306909772310}
  m_Mesh: {fileID: 4047149280683371371, guid: e4b0ca41956a7e449b528c3a5437f808, type: 3}
--- !u!23 &3393210390646738634
MeshRenderer:
  m_ObjectHideFlags: 0
  m_CorrespondingSourceObject: {fileID: 0}
  m_PrefabInstance: {fileID: 0}
  m_PrefabAsset: {fileID: 0}
  m_GameObject: {fileID: 3975496306909772310}
  m_Enabled: 1
  m_CastShadows: 2
  m_ReceiveShadows: 1
  m_DynamicOccludee: 1
  m_StaticShadowCaster: 0
  m_MotionVectors: 1
  m_LightProbeUsage: 1
  m_ReflectionProbeUsage: 1
  m_RayTracingMode: 2
  m_RayTraceProcedural: 0
  m_RenderingLayerMask: 1
  m_RendererPriority: 0
  m_Materials:
  - {fileID: 2100000, guid: 645049ae8e523674ba0c43034fcf5634, type: 2}
  - {fileID: 2100000, guid: 49501edcc02d5364b89da088e4eaccfd, type: 2}
  - {fileID: 2100000, guid: 645049ae8e523674ba0c43034fcf5634, type: 2}
  m_StaticBatchInfo:
    firstSubMesh: 0
    subMeshCount: 0
  m_StaticBatchRoot: {fileID: 0}
  m_ProbeAnchor: {fileID: 0}
  m_LightProbeVolumeOverride: {fileID: 0}
  m_ScaleInLightmap: 2.1
  m_ReceiveGI: 1
  m_PreserveUVs: 0
  m_IgnoreNormalsForChartDetection: 0
  m_ImportantGI: 0
  m_StitchLightmapSeams: 1
  m_SelectedEditorRenderState: 3
  m_MinimumChartSize: 4
  m_AutoUVMaxDistance: 0.5
  m_AutoUVMaxAngle: 89
  m_LightmapParameters: {fileID: 0}
  m_SortingLayerID: 0
  m_SortingLayer: 0
  m_SortingOrder: 0
  m_AdditionalVertexStreams: {fileID: 0}
--- !u!1001 &1437614205861951553
PrefabInstance:
  m_ObjectHideFlags: 0
  serializedVersion: 2
  m_Modification:
    m_TransformParent: {fileID: 103746666699343044}
    m_Modifications:
    - target: {fileID: 8074979928420963262, guid: bbf859596a29bc44badd6727baf3f6dc,
        type: 3}
      propertyPath: m_RootOrder
      value: 5
      objectReference: {fileID: 0}
    - target: {fileID: 8074979928420963262, guid: bbf859596a29bc44badd6727baf3f6dc,
        type: 3}
      propertyPath: m_LocalScale.x
      value: 2.2
      objectReference: {fileID: 0}
    - target: {fileID: 8074979928420963262, guid: bbf859596a29bc44badd6727baf3f6dc,
        type: 3}
      propertyPath: m_LocalScale.y
      value: 0.6
      objectReference: {fileID: 0}
    - target: {fileID: 8074979928420963262, guid: bbf859596a29bc44badd6727baf3f6dc,
        type: 3}
      propertyPath: m_LocalPosition.x
      value: 0
      objectReference: {fileID: 0}
    - target: {fileID: 8074979928420963262, guid: bbf859596a29bc44badd6727baf3f6dc,
        type: 3}
      propertyPath: m_LocalPosition.y
      value: 2.5
      objectReference: {fileID: 0}
    - target: {fileID: 8074979928420963262, guid: bbf859596a29bc44badd6727baf3f6dc,
        type: 3}
      propertyPath: m_LocalPosition.z
      value: 0
      objectReference: {fileID: 0}
    - target: {fileID: 8074979928420963262, guid: bbf859596a29bc44badd6727baf3f6dc,
        type: 3}
      propertyPath: m_LocalRotation.w
      value: 1
      objectReference: {fileID: 0}
    - target: {fileID: 8074979928420963262, guid: bbf859596a29bc44badd6727baf3f6dc,
        type: 3}
      propertyPath: m_LocalRotation.x
      value: 0
      objectReference: {fileID: 0}
    - target: {fileID: 8074979928420963262, guid: bbf859596a29bc44badd6727baf3f6dc,
        type: 3}
      propertyPath: m_LocalRotation.y
      value: 0
      objectReference: {fileID: 0}
    - target: {fileID: 8074979928420963262, guid: bbf859596a29bc44badd6727baf3f6dc,
        type: 3}
      propertyPath: m_LocalRotation.z
      value: 0
      objectReference: {fileID: 0}
    - target: {fileID: 8074979928420963262, guid: bbf859596a29bc44badd6727baf3f6dc,
        type: 3}
      propertyPath: m_LocalEulerAnglesHint.x
      value: 0
      objectReference: {fileID: 0}
    - target: {fileID: 8074979928420963262, guid: bbf859596a29bc44badd6727baf3f6dc,
        type: 3}
      propertyPath: m_LocalEulerAnglesHint.y
      value: 0
      objectReference: {fileID: 0}
    - target: {fileID: 8074979928420963262, guid: bbf859596a29bc44badd6727baf3f6dc,
        type: 3}
      propertyPath: m_LocalEulerAnglesHint.z
      value: 0
      objectReference: {fileID: 0}
    - target: {fileID: 8074979928420963263, guid: bbf859596a29bc44badd6727baf3f6dc,
        type: 3}
      propertyPath: m_Name
      value: Shadow Quad (2)
      objectReference: {fileID: 0}
    m_RemovedComponents: []
  m_SourcePrefab: {fileID: 100100000, guid: bbf859596a29bc44badd6727baf3f6dc, type: 3}
--- !u!4 &7197730730586418175 stripped
Transform:
  m_CorrespondingSourceObject: {fileID: 8074979928420963262, guid: bbf859596a29bc44badd6727baf3f6dc,
    type: 3}
  m_PrefabInstance: {fileID: 1437614205861951553}
  m_PrefabAsset: {fileID: 0}
--- !u!1001 &6609417833107277942
PrefabInstance:
  m_ObjectHideFlags: 0
  serializedVersion: 2
  m_Modification:
    m_TransformParent: {fileID: 103746666699343044}
    m_Modifications:
    - target: {fileID: 8074979928420963262, guid: bbf859596a29bc44badd6727baf3f6dc,
        type: 3}
      propertyPath: m_RootOrder
      value: 4
      objectReference: {fileID: 0}
    - target: {fileID: 8074979928420963262, guid: bbf859596a29bc44badd6727baf3f6dc,
        type: 3}
      propertyPath: m_LocalScale.x
      value: 0.4
      objectReference: {fileID: 0}
    - target: {fileID: 8074979928420963262, guid: bbf859596a29bc44badd6727baf3f6dc,
        type: 3}
      propertyPath: m_LocalScale.y
      value: 2.8
      objectReference: {fileID: 0}
    - target: {fileID: 8074979928420963262, guid: bbf859596a29bc44badd6727baf3f6dc,
        type: 3}
      propertyPath: m_LocalPosition.x
      value: -1.3
      objectReference: {fileID: 0}
    - target: {fileID: 8074979928420963262, guid: bbf859596a29bc44badd6727baf3f6dc,
        type: 3}
      propertyPath: m_LocalPosition.y
      value: 1.4
      objectReference: {fileID: 0}
    - target: {fileID: 8074979928420963262, guid: bbf859596a29bc44badd6727baf3f6dc,
        type: 3}
      propertyPath: m_LocalPosition.z
      value: 0
      objectReference: {fileID: 0}
    - target: {fileID: 8074979928420963262, guid: bbf859596a29bc44badd6727baf3f6dc,
        type: 3}
      propertyPath: m_LocalRotation.w
      value: 1
      objectReference: {fileID: 0}
    - target: {fileID: 8074979928420963262, guid: bbf859596a29bc44badd6727baf3f6dc,
        type: 3}
      propertyPath: m_LocalRotation.x
      value: 0
      objectReference: {fileID: 0}
    - target: {fileID: 8074979928420963262, guid: bbf859596a29bc44badd6727baf3f6dc,
        type: 3}
      propertyPath: m_LocalRotation.y
      value: 0
      objectReference: {fileID: 0}
    - target: {fileID: 8074979928420963262, guid: bbf859596a29bc44badd6727baf3f6dc,
        type: 3}
      propertyPath: m_LocalRotation.z
      value: 0
      objectReference: {fileID: 0}
    - target: {fileID: 8074979928420963262, guid: bbf859596a29bc44badd6727baf3f6dc,
        type: 3}
      propertyPath: m_LocalEulerAnglesHint.x
      value: 0
      objectReference: {fileID: 0}
    - target: {fileID: 8074979928420963262, guid: bbf859596a29bc44badd6727baf3f6dc,
        type: 3}
      propertyPath: m_LocalEulerAnglesHint.y
      value: 0
      objectReference: {fileID: 0}
    - target: {fileID: 8074979928420963262, guid: bbf859596a29bc44badd6727baf3f6dc,
        type: 3}
      propertyPath: m_LocalEulerAnglesHint.z
      value: 0
      objectReference: {fileID: 0}
    - target: {fileID: 8074979928420963263, guid: bbf859596a29bc44badd6727baf3f6dc,
        type: 3}
      propertyPath: m_Name
      value: Shadow Quad (1)
      objectReference: {fileID: 0}
    m_RemovedComponents: []
  m_SourcePrefab: {fileID: 100100000, guid: bbf859596a29bc44badd6727baf3f6dc, type: 3}
--- !u!4 &3146127137678629832 stripped
Transform:
  m_CorrespondingSourceObject: {fileID: 8074979928420963262, guid: bbf859596a29bc44badd6727baf3f6dc,
    type: 3}
  m_PrefabInstance: {fileID: 6609417833107277942}
  m_PrefabAsset: {fileID: 0}
--- !u!1001 &8416000062785474540
PrefabInstance:
  m_ObjectHideFlags: 0
  serializedVersion: 2
  m_Modification:
    m_TransformParent: {fileID: 103746666699343044}
    m_Modifications:
    - target: {fileID: 5328084003252895235, guid: 12f41a7e858e9b64aac9b179fea0e9dd,
        type: 3}
      propertyPath: m_RootOrder
      value: 2
      objectReference: {fileID: 0}
    - target: {fileID: 5328084003252895235, guid: 12f41a7e858e9b64aac9b179fea0e9dd,
        type: 3}
      propertyPath: m_LocalPosition.x
      value: 0
      objectReference: {fileID: 0}
    - target: {fileID: 5328084003252895235, guid: 12f41a7e858e9b64aac9b179fea0e9dd,
        type: 3}
      propertyPath: m_LocalPosition.y
      value: 0
      objectReference: {fileID: 0}
    - target: {fileID: 5328084003252895235, guid: 12f41a7e858e9b64aac9b179fea0e9dd,
        type: 3}
      propertyPath: m_LocalPosition.z
      value: 0
      objectReference: {fileID: 0}
    - target: {fileID: 5328084003252895235, guid: 12f41a7e858e9b64aac9b179fea0e9dd,
        type: 3}
      propertyPath: m_LocalRotation.w
      value: 0
      objectReference: {fileID: 0}
    - target: {fileID: 5328084003252895235, guid: 12f41a7e858e9b64aac9b179fea0e9dd,
        type: 3}
      propertyPath: m_LocalRotation.x
      value: -0
      objectReference: {fileID: 0}
    - target: {fileID: 5328084003252895235, guid: 12f41a7e858e9b64aac9b179fea0e9dd,
        type: 3}
      propertyPath: m_LocalRotation.y
      value: 1
      objectReference: {fileID: 0}
    - target: {fileID: 5328084003252895235, guid: 12f41a7e858e9b64aac9b179fea0e9dd,
        type: 3}
      propertyPath: m_LocalRotation.z
      value: -0
      objectReference: {fileID: 0}
    - target: {fileID: 5328084003252895235, guid: 12f41a7e858e9b64aac9b179fea0e9dd,
        type: 3}
      propertyPath: m_LocalEulerAnglesHint.x
      value: 0
      objectReference: {fileID: 0}
    - target: {fileID: 5328084003252895235, guid: 12f41a7e858e9b64aac9b179fea0e9dd,
        type: 3}
      propertyPath: m_LocalEulerAnglesHint.y
      value: 180
      objectReference: {fileID: 0}
    - target: {fileID: 5328084003252895235, guid: 12f41a7e858e9b64aac9b179fea0e9dd,
        type: 3}
      propertyPath: m_LocalEulerAnglesHint.z
      value: 0
      objectReference: {fileID: 0}
    - target: {fileID: 9199290477428509712, guid: 12f41a7e858e9b64aac9b179fea0e9dd,
        type: 3}
      propertyPath: m_Name
      value: Doorframe Double
      objectReference: {fileID: 0}
    m_RemovedComponents: []
  m_SourcePrefab: {fileID: 100100000, guid: 12f41a7e858e9b64aac9b179fea0e9dd, type: 3}
--- !u!4 &4411992014106276335 stripped
Transform:
  m_CorrespondingSourceObject: {fileID: 5328084003252895235, guid: 12f41a7e858e9b64aac9b179fea0e9dd,
    type: 3}
  m_PrefabInstance: {fileID: 8416000062785474540}
  m_PrefabAsset: {fileID: 0}
--- !u!1001 &8995290757358291151
PrefabInstance:
  m_ObjectHideFlags: 0
  serializedVersion: 2
  m_Modification:
    m_TransformParent: {fileID: 103746666699343044}
    m_Modifications:
    - target: {fileID: 8074979928420963262, guid: bbf859596a29bc44badd6727baf3f6dc,
        type: 3}
      propertyPath: m_RootOrder
      value: 3
      objectReference: {fileID: 0}
    - target: {fileID: 8074979928420963262, guid: bbf859596a29bc44badd6727baf3f6dc,
        type: 3}
      propertyPath: m_LocalScale.x
      value: 0.4
      objectReference: {fileID: 0}
    - target: {fileID: 8074979928420963262, guid: bbf859596a29bc44badd6727baf3f6dc,
        type: 3}
      propertyPath: m_LocalScale.y
      value: 2.8
      objectReference: {fileID: 0}
    - target: {fileID: 8074979928420963262, guid: bbf859596a29bc44badd6727baf3f6dc,
        type: 3}
      propertyPath: m_LocalPosition.x
      value: 1.3
      objectReference: {fileID: 0}
    - target: {fileID: 8074979928420963262, guid: bbf859596a29bc44badd6727baf3f6dc,
        type: 3}
      propertyPath: m_LocalPosition.y
      value: 1.4
      objectReference: {fileID: 0}
    - target: {fileID: 8074979928420963262, guid: bbf859596a29bc44badd6727baf3f6dc,
        type: 3}
      propertyPath: m_LocalPosition.z
      value: 0
      objectReference: {fileID: 0}
    - target: {fileID: 8074979928420963262, guid: bbf859596a29bc44badd6727baf3f6dc,
        type: 3}
      propertyPath: m_LocalRotation.w
      value: 1
      objectReference: {fileID: 0}
    - target: {fileID: 8074979928420963262, guid: bbf859596a29bc44badd6727baf3f6dc,
        type: 3}
      propertyPath: m_LocalRotation.x
      value: 0
      objectReference: {fileID: 0}
    - target: {fileID: 8074979928420963262, guid: bbf859596a29bc44badd6727baf3f6dc,
        type: 3}
      propertyPath: m_LocalRotation.y
      value: 0
      objectReference: {fileID: 0}
    - target: {fileID: 8074979928420963262, guid: bbf859596a29bc44badd6727baf3f6dc,
        type: 3}
      propertyPath: m_LocalRotation.z
      value: 0
      objectReference: {fileID: 0}
    - target: {fileID: 8074979928420963262, guid: bbf859596a29bc44badd6727baf3f6dc,
        type: 3}
      propertyPath: m_LocalEulerAnglesHint.x
      value: 0
      objectReference: {fileID: 0}
    - target: {fileID: 8074979928420963262, guid: bbf859596a29bc44badd6727baf3f6dc,
        type: 3}
      propertyPath: m_LocalEulerAnglesHint.y
      value: 0
      objectReference: {fileID: 0}
    - target: {fileID: 8074979928420963262, guid: bbf859596a29bc44badd6727baf3f6dc,
        type: 3}
      propertyPath: m_LocalEulerAnglesHint.z
      value: 0
      objectReference: {fileID: 0}
    - target: {fileID: 8074979928420963263, guid: bbf859596a29bc44badd6727baf3f6dc,
        type: 3}
      propertyPath: m_Name
      value: Shadow Quad
      objectReference: {fileID: 0}
    m_RemovedComponents: []
  m_SourcePrefab: {fileID: 100100000, guid: bbf859596a29bc44badd6727baf3f6dc, type: 3}
--- !u!4 &920324487747132273 stripped
Transform:
  m_CorrespondingSourceObject: {fileID: 8074979928420963262, guid: bbf859596a29bc44badd6727baf3f6dc,
    type: 3}
  m_PrefabInstance: {fileID: 8995290757358291151}
  m_PrefabAsset: {fileID: 0}
