%YAML 1.1
%TAG !u! tag:unity3d.com,2011:
--- !u!1 &2528789533896719238
GameObject:
  m_ObjectHideFlags: 0
  m_CorrespondingSourceObject: {fileID: 0}
  m_PrefabInstance: {fileID: 0}
  m_PrefabAsset: {fileID: 0}
  serializedVersion: 6
  m_Component:
  - component: {fileID: 1532149070334085525}
  - component: {fileID: 3934492609262621469}
  m_Layer: 0
  m_Name: WallIn_A_3x_window
  m_TagString: Untagged
  m_Icon: {fileID: 0}
  m_NavMeshLayer: 0
  m_StaticEditorFlags: 4294967295
  m_IsActive: 1
--- !u!4 &1532149070334085525
Transform:
  m_ObjectHideFlags: 0
  m_CorrespondingSourceObject: {fileID: 0}
  m_PrefabInstance: {fileID: 0}
  m_PrefabAsset: {fileID: 0}
  m_GameObject: {fileID: 2528789533896719238}
  m_LocalRotation: {x: 0, y: 0, z: 0, w: 1}
  m_LocalPosition: {x: 0, y: 0, z: 0}
  m_LocalScale: {x: 1, y: 1, z: 1}
  m_ConstrainProportionsScale: 0
  m_Children:
  - {fileID: 3315746335056793523}
  - {fileID: 3180157436645980267}
  - {fileID: 8437232893098400884}
  - {fileID: 3174726526022938794}
  - {fileID: 8645315969010944261}
  - {fileID: 4577683330479432583}
  - {fileID: 8946962349446106950}
  - {fileID: 3326069125143617585}
  - {fileID: 3801980577144473862}
  m_Father: {fileID: 0}
  m_RootOrder: 0
  m_LocalEulerAnglesHint: {x: 0, y: 0, z: 0}
--- !u!114 &3934492609262621469
MonoBehaviour:
  m_ObjectHideFlags: 0
  m_CorrespondingSourceObject: {fileID: 0}
  m_PrefabInstance: {fileID: 0}
  m_PrefabAsset: {fileID: 0}
  m_GameObject: {fileID: 2528789533896719238}
  m_Enabled: 1
  m_EditorHideFlags: 0
  m_Script: {fileID: 11500000, guid: f2ceca84b64fc284aa1b4fc82564f40b, type: 3}
  m_Name: 
  m_EditorClassIdentifier: 
  _materialDefintiion: {fileID: 11400000, guid: ffce2381f48f540408875efb2edae3a8,
    type: 2}
--- !u!1 &3315746335056793531
GameObject:
  m_ObjectHideFlags: 0
  m_CorrespondingSourceObject: {fileID: 0}
  m_PrefabInstance: {fileID: 0}
  m_PrefabAsset: {fileID: 0}
  serializedVersion: 6
  m_Component:
  - component: {fileID: 3315746335056793523}
  - component: {fileID: 3315746335056793525}
  - component: {fileID: 3315746335056793526}
  m_Layer: 0
  m_Name: mesh
  m_TagString: Untagged
  m_Icon: {fileID: 0}
  m_NavMeshLayer: 0
  m_StaticEditorFlags: 4294967295
  m_IsActive: 1
--- !u!4 &3315746335056793523
Transform:
  m_ObjectHideFlags: 0
  m_CorrespondingSourceObject: {fileID: 0}
  m_PrefabInstance: {fileID: 0}
  m_PrefabAsset: {fileID: 0}
  m_GameObject: {fileID: 3315746335056793531}
  m_LocalRotation: {x: -0, y: -0, z: -0, w: 1}
  m_LocalPosition: {x: 1.5, y: 0, z: 0}
  m_LocalScale: {x: 1, y: 1, z: 1}
  m_ConstrainProportionsScale: 0
  m_Children: []
  m_Father: {fileID: 1532149070334085525}
  m_RootOrder: 0
  m_LocalEulerAnglesHint: {x: 0, y: 0, z: 0}
--- !u!33 &3315746335056793525
MeshFilter:
  m_ObjectHideFlags: 0
  m_CorrespondingSourceObject: {fileID: 0}
  m_PrefabInstance: {fileID: 0}
  m_PrefabAsset: {fileID: 0}
  m_GameObject: {fileID: 3315746335056793531}
  m_Mesh: {fileID: -2571093352944827113, guid: c47b2912d5015794ab46b5470683cb08, type: 3}
--- !u!23 &3315746335056793526
MeshRenderer:
  m_ObjectHideFlags: 0
  m_CorrespondingSourceObject: {fileID: 0}
  m_PrefabInstance: {fileID: 0}
  m_PrefabAsset: {fileID: 0}
  m_GameObject: {fileID: 3315746335056793531}
  m_Enabled: 1
  m_CastShadows: 2
  m_ReceiveShadows: 1
  m_DynamicOccludee: 1
  m_StaticShadowCaster: 0
  m_MotionVectors: 1
  m_LightProbeUsage: 1
  m_ReflectionProbeUsage: 1
  m_RayTracingMode: 2
  m_RayTraceProcedural: 0
  m_RenderingLayerMask: 1
  m_RendererPriority: 0
  m_Materials:
  - {fileID: 2100000, guid: 645049ae8e523674ba0c43034fcf5634, type: 2}
  - {fileID: 2100000, guid: 49501edcc02d5364b89da088e4eaccfd, type: 2}
  - {fileID: 2100000, guid: 645049ae8e523674ba0c43034fcf5634, type: 2}
  m_StaticBatchInfo:
    firstSubMesh: 0
    subMeshCount: 0
  m_StaticBatchRoot: {fileID: 0}
  m_ProbeAnchor: {fileID: 0}
  m_LightProbeVolumeOverride: {fileID: 0}
  m_ScaleInLightmap: 1.5
  m_ReceiveGI: 1
  m_PreserveUVs: 0
  m_IgnoreNormalsForChartDetection: 0
  m_ImportantGI: 0
  m_StitchLightmapSeams: 1
  m_SelectedEditorRenderState: 3
  m_MinimumChartSize: 4
  m_AutoUVMaxDistance: 0.5
  m_AutoUVMaxAngle: 89
  m_LightmapParameters: {fileID: 0}
  m_SortingLayerID: 0
  m_SortingLayer: 0
  m_SortingOrder: 0
  m_AdditionalVertexStreams: {fileID: 0}
--- !u!1 &4457016476327566154
GameObject:
  m_ObjectHideFlags: 0
  m_CorrespondingSourceObject: {fileID: 0}
  m_PrefabInstance: {fileID: 0}
  m_PrefabAsset: {fileID: 0}
  serializedVersion: 6
  m_Component:
  - component: {fileID: 3180157436645980267}
  - component: {fileID: 877085263541062050}
  - component: {fileID: 5622013062198805596}
  - component: {fileID: 789273273254810233}
  - component: {fileID: 6829981322702855666}
  m_Layer: 0
  m_Name: body
  m_TagString: Untagged
  m_Icon: {fileID: 0}
  m_NavMeshLayer: 0
  m_StaticEditorFlags: 4294967295
  m_IsActive: 1
--- !u!4 &3180157436645980267
Transform:
  m_ObjectHideFlags: 0
  m_CorrespondingSourceObject: {fileID: 0}
  m_PrefabInstance: {fileID: 0}
  m_PrefabAsset: {fileID: 0}
  m_GameObject: {fileID: 4457016476327566154}
  m_LocalRotation: {x: -0, y: -0, z: -0, w: 1}
  m_LocalPosition: {x: 1.5, y: 0, z: 0}
  m_LocalScale: {x: 1, y: 1, z: 1}
  m_ConstrainProportionsScale: 0
  m_Children: []
  m_Father: {fileID: 1532149070334085525}
  m_RootOrder: 1
  m_LocalEulerAnglesHint: {x: 0, y: 0, z: 0}
--- !u!65 &877085263541062050
BoxCollider:
  m_ObjectHideFlags: 0
  m_CorrespondingSourceObject: {fileID: 0}
  m_PrefabInstance: {fileID: 0}
  m_PrefabAsset: {fileID: 0}
  m_GameObject: {fileID: 4457016476327566154}
  m_Material: {fileID: 0}
  m_IsTrigger: 0
  m_Enabled: 1
  serializedVersion: 2
  m_Size: {x: 3.02, y: 0.75, z: 0.03}
  m_Center: {x: -1.5, y: 0.3555, z: 0.1}
--- !u!65 &5622013062198805596
BoxCollider:
  m_ObjectHideFlags: 0
  m_CorrespondingSourceObject: {fileID: 0}
  m_PrefabInstance: {fileID: 0}
  m_PrefabAsset: {fileID: 0}
  m_GameObject: {fileID: 4457016476327566154}
  m_Material: {fileID: 0}
  m_IsTrigger: 0
  m_Enabled: 1
  serializedVersion: 2
  m_Size: {x: 3.02, y: 0.57, z: 0.03}
  m_Center: {x: -1.5, y: 2.52, z: 0.1}
--- !u!65 &789273273254810233
BoxCollider:
  m_ObjectHideFlags: 0
  m_CorrespondingSourceObject: {fileID: 0}
  m_PrefabInstance: {fileID: 0}
  m_PrefabAsset: {fileID: 0}
  m_GameObject: {fileID: 4457016476327566154}
  m_Material: {fileID: 0}
  m_IsTrigger: 0
  m_Enabled: 1
  serializedVersion: 2
  m_Size: {x: 0.94, y: 2.8, z: 0.03}
  m_Center: {x: -2.54, y: 1.4, z: 0.1}
--- !u!65 &6829981322702855666
BoxCollider:
  m_ObjectHideFlags: 0
  m_CorrespondingSourceObject: {fileID: 0}
  m_PrefabInstance: {fileID: 0}
  m_PrefabAsset: {fileID: 0}
  m_GameObject: {fileID: 4457016476327566154}
  m_Material: {fileID: 0}
  m_IsTrigger: 0
  m_Enabled: 1
  serializedVersion: 2
  m_Size: {x: 0.94, y: 2.8, z: 0.03}
  m_Center: {x: -0.46, y: 1.4, z: 0.1}
--- !u!1001 &880992129897684216
PrefabInstance:
  m_ObjectHideFlags: 0
  serializedVersion: 2
  m_Modification:
    m_TransformParent: {fileID: 1532149070334085525}
    m_Modifications:
    - target: {fileID: 8074979928420963262, guid: bbf859596a29bc44badd6727baf3f6dc,
        type: 3}
      propertyPath: m_RootOrder
      value: 6
      objectReference: {fileID: 0}
    - target: {fileID: 8074979928420963262, guid: bbf859596a29bc44badd6727baf3f6dc,
        type: 3}
      propertyPath: m_LocalScale.x
      value: 1
      objectReference: {fileID: 0}
    - target: {fileID: 8074979928420963262, guid: bbf859596a29bc44badd6727baf3f6dc,
        type: 3}
      propertyPath: m_LocalScale.y
      value: 2.8
      objectReference: {fileID: 0}
    - target: {fileID: 8074979928420963262, guid: bbf859596a29bc44badd6727baf3f6dc,
        type: 3}
      propertyPath: m_LocalPosition.x
      value: 1
      objectReference: {fileID: 0}
    - target: {fileID: 8074979928420963262, guid: bbf859596a29bc44badd6727baf3f6dc,
        type: 3}
      propertyPath: m_LocalPosition.y
      value: 1.4
      objectReference: {fileID: 0}
    - target: {fileID: 8074979928420963262, guid: bbf859596a29bc44badd6727baf3f6dc,
        type: 3}
      propertyPath: m_LocalPosition.z
      value: 0
      objectReference: {fileID: 0}
    - target: {fileID: 8074979928420963262, guid: bbf859596a29bc44badd6727baf3f6dc,
        type: 3}
      propertyPath: m_LocalRotation.w
      value: 1
      objectReference: {fileID: 0}
    - target: {fileID: 8074979928420963262, guid: bbf859596a29bc44badd6727baf3f6dc,
        type: 3}
      propertyPath: m_LocalRotation.x
      value: 0
      objectReference: {fileID: 0}
    - target: {fileID: 8074979928420963262, guid: bbf859596a29bc44badd6727baf3f6dc,
        type: 3}
      propertyPath: m_LocalRotation.y
      value: 0
      objectReference: {fileID: 0}
    - target: {fileID: 8074979928420963262, guid: bbf859596a29bc44badd6727baf3f6dc,
        type: 3}
      propertyPath: m_LocalRotation.z
      value: 0
      objectReference: {fileID: 0}
    - target: {fileID: 8074979928420963262, guid: bbf859596a29bc44badd6727baf3f6dc,
        type: 3}
      propertyPath: m_LocalEulerAnglesHint.x
      value: 0
      objectReference: {fileID: 0}
    - target: {fileID: 8074979928420963262, guid: bbf859596a29bc44badd6727baf3f6dc,
        type: 3}
      propertyPath: m_LocalEulerAnglesHint.y
      value: 0
      objectReference: {fileID: 0}
    - target: {fileID: 8074979928420963262, guid: bbf859596a29bc44badd6727baf3f6dc,
        type: 3}
      propertyPath: m_LocalEulerAnglesHint.z
      value: 0
      objectReference: {fileID: 0}
    - target: {fileID: 8074979928420963263, guid: bbf859596a29bc44badd6727baf3f6dc,
        type: 3}
      propertyPath: m_Name
      value: Shadow Quad (1)
      objectReference: {fileID: 0}
    m_RemovedComponents: []
  m_SourcePrefab: {fileID: 100100000, guid: bbf859596a29bc44badd6727baf3f6dc, type: 3}
--- !u!4 &8946962349446106950 stripped
Transform:
  m_CorrespondingSourceObject: {fileID: 8074979928420963262, guid: bbf859596a29bc44badd6727baf3f6dc,
    type: 3}
  m_PrefabInstance: {fileID: 880992129897684216}
  m_PrefabAsset: {fileID: 0}
--- !u!1001 &2446393822425496163
PrefabInstance:
  m_ObjectHideFlags: 0
  serializedVersion: 2
  m_Modification:
    m_TransformParent: {fileID: 1532149070334085525}
    m_Modifications:
    - target: {fileID: 6117089671051650583, guid: d8f7443df96e4d3408f21e55207b30e7,
        type: 3}
      propertyPath: m_RootOrder
      value: 2
      objectReference: {fileID: 0}
    - target: {fileID: 6117089671051650583, guid: d8f7443df96e4d3408f21e55207b30e7,
        type: 3}
      propertyPath: m_LocalPosition.x
      value: 0
      objectReference: {fileID: 0}
    - target: {fileID: 6117089671051650583, guid: d8f7443df96e4d3408f21e55207b30e7,
        type: 3}
      propertyPath: m_LocalPosition.y
      value: 1
      objectReference: {fileID: 0}
    - target: {fileID: 6117089671051650583, guid: d8f7443df96e4d3408f21e55207b30e7,
        type: 3}
      propertyPath: m_LocalPosition.z
      value: 0
      objectReference: {fileID: 0}
    - target: {fileID: 6117089671051650583, guid: d8f7443df96e4d3408f21e55207b30e7,
        type: 3}
      propertyPath: m_LocalRotation.w
      value: 1
      objectReference: {fileID: 0}
    - target: {fileID: 6117089671051650583, guid: d8f7443df96e4d3408f21e55207b30e7,
        type: 3}
      propertyPath: m_LocalRotation.x
      value: -0
      objectReference: {fileID: 0}
    - target: {fileID: 6117089671051650583, guid: d8f7443df96e4d3408f21e55207b30e7,
        type: 3}
      propertyPath: m_LocalRotation.y
      value: -0
      objectReference: {fileID: 0}
    - target: {fileID: 6117089671051650583, guid: d8f7443df96e4d3408f21e55207b30e7,
        type: 3}
      propertyPath: m_LocalRotation.z
      value: -0
      objectReference: {fileID: 0}
    - target: {fileID: 6117089671051650583, guid: d8f7443df96e4d3408f21e55207b30e7,
        type: 3}
      propertyPath: m_LocalEulerAnglesHint.x
      value: 0
      objectReference: {fileID: 0}
    - target: {fileID: 6117089671051650583, guid: d8f7443df96e4d3408f21e55207b30e7,
        type: 3}
      propertyPath: m_LocalEulerAnglesHint.y
      value: 0
      objectReference: {fileID: 0}
    - target: {fileID: 6117089671051650583, guid: d8f7443df96e4d3408f21e55207b30e7,
        type: 3}
      propertyPath: m_LocalEulerAnglesHint.z
      value: 0
      objectReference: {fileID: 0}
    - target: {fileID: 7115438361286300676, guid: d8f7443df96e4d3408f21e55207b30e7,
        type: 3}
      propertyPath: m_Name
      value: Window_single_static
      objectReference: {fileID: 0}
    m_RemovedComponents: []
  m_SourcePrefab: {fileID: 100100000, guid: d8f7443df96e4d3408f21e55207b30e7, type: 3}
--- !u!4 &8437232893098400884 stripped
Transform:
  m_CorrespondingSourceObject: {fileID: 6117089671051650583, guid: d8f7443df96e4d3408f21e55207b30e7,
    type: 3}
  m_PrefabInstance: {fileID: 2446393822425496163}
  m_PrefabAsset: {fileID: 0}
--- !u!1001 &3052103200924227418
PrefabInstance:
  m_ObjectHideFlags: 0
  serializedVersion: 2
  m_Modification:
    m_TransformParent: {fileID: 1532149070334085525}
    m_Modifications:
    - target: {fileID: 2330710285677320647, guid: 180a6a3ac99554542ab6eaa8eb09d87b,
        type: 3}
      propertyPath: m_Name
      value: View Blocker
      objectReference: {fileID: 0}
    - target: {fileID: 6746790958161141343, guid: 180a6a3ac99554542ab6eaa8eb09d87b,
        type: 3}
      propertyPath: m_RootOrder
      value: 4
      objectReference: {fileID: 0}
    - target: {fileID: 6746790958161141343, guid: 180a6a3ac99554542ab6eaa8eb09d87b,
        type: 3}
      propertyPath: m_LocalScale.x
      value: 1.5
      objectReference: {fileID: 0}
    - target: {fileID: 6746790958161141343, guid: 180a6a3ac99554542ab6eaa8eb09d87b,
        type: 3}
      propertyPath: m_LocalScale.y
      value: 2
      objectReference: {fileID: 0}
    - target: {fileID: 6746790958161141343, guid: 180a6a3ac99554542ab6eaa8eb09d87b,
        type: 3}
      propertyPath: m_LocalPosition.x
      value: 0
      objectReference: {fileID: 0}
    - target: {fileID: 6746790958161141343, guid: 180a6a3ac99554542ab6eaa8eb09d87b,
        type: 3}
      propertyPath: m_LocalPosition.y
      value: 1.5
      objectReference: {fileID: 0}
    - target: {fileID: 6746790958161141343, guid: 180a6a3ac99554542ab6eaa8eb09d87b,
        type: 3}
      propertyPath: m_LocalPosition.z
      value: -0.144
      objectReference: {fileID: 0}
    - target: {fileID: 6746790958161141343, guid: 180a6a3ac99554542ab6eaa8eb09d87b,
        type: 3}
      propertyPath: m_LocalRotation.w
      value: 0
      objectReference: {fileID: 0}
    - target: {fileID: 6746790958161141343, guid: 180a6a3ac99554542ab6eaa8eb09d87b,
        type: 3}
      propertyPath: m_LocalRotation.x
      value: 0
      objectReference: {fileID: 0}
    - target: {fileID: 6746790958161141343, guid: 180a6a3ac99554542ab6eaa8eb09d87b,
        type: 3}
      propertyPath: m_LocalRotation.y
      value: 1
      objectReference: {fileID: 0}
    - target: {fileID: 6746790958161141343, guid: 180a6a3ac99554542ab6eaa8eb09d87b,
        type: 3}
      propertyPath: m_LocalRotation.z
      value: 0
      objectReference: {fileID: 0}
    - target: {fileID: 6746790958161141343, guid: 180a6a3ac99554542ab6eaa8eb09d87b,
        type: 3}
      propertyPath: m_LocalEulerAnglesHint.x
      value: 0
      objectReference: {fileID: 0}
    - target: {fileID: 6746790958161141343, guid: 180a6a3ac99554542ab6eaa8eb09d87b,
        type: 3}
      propertyPath: m_LocalEulerAnglesHint.y
      value: 180
      objectReference: {fileID: 0}
    - target: {fileID: 6746790958161141343, guid: 180a6a3ac99554542ab6eaa8eb09d87b,
        type: 3}
      propertyPath: m_LocalEulerAnglesHint.z
      value: 0
      objectReference: {fileID: 0}
    m_RemovedComponents: []
  m_SourcePrefab: {fileID: 100100000, guid: 180a6a3ac99554542ab6eaa8eb09d87b, type: 3}
--- !u!4 &8645315969010944261 stripped
Transform:
  m_CorrespondingSourceObject: {fileID: 6746790958161141343, guid: 180a6a3ac99554542ab6eaa8eb09d87b,
    type: 3}
  m_PrefabInstance: {fileID: 3052103200924227418}
  m_PrefabAsset: {fileID: 0}
--- !u!1001 &4959393680815381176
PrefabInstance:
  m_ObjectHideFlags: 0
  serializedVersion: 2
  m_Modification:
    m_TransformParent: {fileID: 1532149070334085525}
    m_Modifications:
    - target: {fileID: 8074979928420963262, guid: bbf859596a29bc44badd6727baf3f6dc,
        type: 3}
      propertyPath: m_RootOrder
      value: 8
      objectReference: {fileID: 0}
    - target: {fileID: 8074979928420963262, guid: bbf859596a29bc44badd6727baf3f6dc,
        type: 3}
      propertyPath: m_LocalScale.x
      value: 1
      objectReference: {fileID: 0}
    - target: {fileID: 8074979928420963262, guid: bbf859596a29bc44badd6727baf3f6dc,
        type: 3}
      propertyPath: m_LocalScale.y
      value: 0.7
      objectReference: {fileID: 0}
    - target: {fileID: 8074979928420963262, guid: bbf859596a29bc44badd6727baf3f6dc,
        type: 3}
      propertyPath: m_LocalPosition.x
      value: 0
      objectReference: {fileID: 0}
    - target: {fileID: 8074979928420963262, guid: bbf859596a29bc44badd6727baf3f6dc,
        type: 3}
      propertyPath: m_LocalPosition.y
      value: 2.45
      objectReference: {fileID: 0}
    - target: {fileID: 8074979928420963262, guid: bbf859596a29bc44badd6727baf3f6dc,
        type: 3}
      propertyPath: m_LocalPosition.z
      value: 0
      objectReference: {fileID: 0}
    - target: {fileID: 8074979928420963262, guid: bbf859596a29bc44badd6727baf3f6dc,
        type: 3}
      propertyPath: m_LocalRotation.w
      value: 1
      objectReference: {fileID: 0}
    - target: {fileID: 8074979928420963262, guid: bbf859596a29bc44badd6727baf3f6dc,
        type: 3}
      propertyPath: m_LocalRotation.x
      value: 0
      objectReference: {fileID: 0}
    - target: {fileID: 8074979928420963262, guid: bbf859596a29bc44badd6727baf3f6dc,
        type: 3}
      propertyPath: m_LocalRotation.y
      value: 0
      objectReference: {fileID: 0}
    - target: {fileID: 8074979928420963262, guid: bbf859596a29bc44badd6727baf3f6dc,
        type: 3}
      propertyPath: m_LocalRotation.z
      value: 0
      objectReference: {fileID: 0}
    - target: {fileID: 8074979928420963262, guid: bbf859596a29bc44badd6727baf3f6dc,
        type: 3}
      propertyPath: m_LocalEulerAnglesHint.x
      value: 0
      objectReference: {fileID: 0}
    - target: {fileID: 8074979928420963262, guid: bbf859596a29bc44badd6727baf3f6dc,
        type: 3}
      propertyPath: m_LocalEulerAnglesHint.y
      value: 0
      objectReference: {fileID: 0}
    - target: {fileID: 8074979928420963262, guid: bbf859596a29bc44badd6727baf3f6dc,
        type: 3}
      propertyPath: m_LocalEulerAnglesHint.z
      value: 0
      objectReference: {fileID: 0}
    - target: {fileID: 8074979928420963263, guid: bbf859596a29bc44badd6727baf3f6dc,
        type: 3}
      propertyPath: m_Name
      value: Shadow Quad (3)
      objectReference: {fileID: 0}
    m_RemovedComponents: []
  m_SourcePrefab: {fileID: 100100000, guid: bbf859596a29bc44badd6727baf3f6dc, type: 3}
--- !u!4 &3801980577144473862 stripped
Transform:
  m_CorrespondingSourceObject: {fileID: 8074979928420963262, guid: bbf859596a29bc44badd6727baf3f6dc,
    type: 3}
  m_PrefabInstance: {fileID: 4959393680815381176}
  m_PrefabAsset: {fileID: 0}
--- !u!1001 &5580893350158167678
PrefabInstance:
  m_ObjectHideFlags: 0
  serializedVersion: 2
  m_Modification:
    m_TransformParent: {fileID: 1532149070334085525}
    m_Modifications:
    - target: {fileID: 6279968149849369799, guid: 74268774c862a3843b3e6c64bdf4d9a5,
        type: 3}
      propertyPath: m_Name
      value: Windowshutters
      objectReference: {fileID: 0}
    - target: {fileID: 7024969020132499156, guid: 74268774c862a3843b3e6c64bdf4d9a5,
        type: 3}
      propertyPath: m_RootOrder
      value: 3
      objectReference: {fileID: 0}
    - target: {fileID: 7024969020132499156, guid: 74268774c862a3843b3e6c64bdf4d9a5,
        type: 3}
      propertyPath: m_LocalPosition.x
      value: 0
      objectReference: {fileID: 0}
    - target: {fileID: 7024969020132499156, guid: 74268774c862a3843b3e6c64bdf4d9a5,
        type: 3}
      propertyPath: m_LocalPosition.y
      value: 1.5
      objectReference: {fileID: 0}
    - target: {fileID: 7024969020132499156, guid: 74268774c862a3843b3e6c64bdf4d9a5,
        type: 3}
      propertyPath: m_LocalPosition.z
      value: -0.24
      objectReference: {fileID: 0}
    - target: {fileID: 7024969020132499156, guid: 74268774c862a3843b3e6c64bdf4d9a5,
        type: 3}
      propertyPath: m_LocalRotation.w
      value: 1
      objectReference: {fileID: 0}
    - target: {fileID: 7024969020132499156, guid: 74268774c862a3843b3e6c64bdf4d9a5,
        type: 3}
      propertyPath: m_LocalRotation.x
      value: -0
      objectReference: {fileID: 0}
    - target: {fileID: 7024969020132499156, guid: 74268774c862a3843b3e6c64bdf4d9a5,
        type: 3}
      propertyPath: m_LocalRotation.y
      value: -0
      objectReference: {fileID: 0}
    - target: {fileID: 7024969020132499156, guid: 74268774c862a3843b3e6c64bdf4d9a5,
        type: 3}
      propertyPath: m_LocalRotation.z
      value: -0
      objectReference: {fileID: 0}
    - target: {fileID: 7024969020132499156, guid: 74268774c862a3843b3e6c64bdf4d9a5,
        type: 3}
      propertyPath: m_LocalEulerAnglesHint.x
      value: 0
      objectReference: {fileID: 0}
    - target: {fileID: 7024969020132499156, guid: 74268774c862a3843b3e6c64bdf4d9a5,
        type: 3}
      propertyPath: m_LocalEulerAnglesHint.y
      value: 0
      objectReference: {fileID: 0}
    - target: {fileID: 7024969020132499156, guid: 74268774c862a3843b3e6c64bdf4d9a5,
        type: 3}
      propertyPath: m_LocalEulerAnglesHint.z
      value: 0
      objectReference: {fileID: 0}
    m_RemovedComponents: []
  m_SourcePrefab: {fileID: 100100000, guid: 74268774c862a3843b3e6c64bdf4d9a5, type: 3}
--- !u!4 &3174726526022938794 stripped
Transform:
  m_CorrespondingSourceObject: {fileID: 7024969020132499156, guid: 74268774c862a3843b3e6c64bdf4d9a5,
    type: 3}
  m_PrefabInstance: {fileID: 5580893350158167678}
  m_PrefabAsset: {fileID: 0}
--- !u!1001 &5735094202115878969
PrefabInstance:
  m_ObjectHideFlags: 0
  serializedVersion: 2
  m_Modification:
    m_TransformParent: {fileID: 1532149070334085525}
    m_Modifications:
    - target: {fileID: 8074979928420963262, guid: bbf859596a29bc44badd6727baf3f6dc,
        type: 3}
      propertyPath: m_RootOrder
      value: 5
      objectReference: {fileID: 0}
    - target: {fileID: 8074979928420963262, guid: bbf859596a29bc44badd6727baf3f6dc,
        type: 3}
      propertyPath: m_LocalScale.x
      value: 1
      objectReference: {fileID: 0}
    - target: {fileID: 8074979928420963262, guid: bbf859596a29bc44badd6727baf3f6dc,
        type: 3}
      propertyPath: m_LocalScale.y
      value: 2.8
      objectReference: {fileID: 0}
    - target: {fileID: 8074979928420963262, guid: bbf859596a29bc44badd6727baf3f6dc,
        type: 3}
      propertyPath: m_LocalPosition.x
      value: -1
      objectReference: {fileID: 0}
    - target: {fileID: 8074979928420963262, guid: bbf859596a29bc44badd6727baf3f6dc,
        type: 3}
      propertyPath: m_LocalPosition.y
      value: 1.4
      objectReference: {fileID: 0}
    - target: {fileID: 8074979928420963262, guid: bbf859596a29bc44badd6727baf3f6dc,
        type: 3}
      propertyPath: m_LocalPosition.z
      value: 0
      objectReference: {fileID: 0}
    - target: {fileID: 8074979928420963262, guid: bbf859596a29bc44badd6727baf3f6dc,
        type: 3}
      propertyPath: m_LocalRotation.w
      value: 1
      objectReference: {fileID: 0}
    - target: {fileID: 8074979928420963262, guid: bbf859596a29bc44badd6727baf3f6dc,
        type: 3}
      propertyPath: m_LocalRotation.x
      value: 0
      objectReference: {fileID: 0}
    - target: {fileID: 8074979928420963262, guid: bbf859596a29bc44badd6727baf3f6dc,
        type: 3}
      propertyPath: m_LocalRotation.y
      value: 0
      objectReference: {fileID: 0}
    - target: {fileID: 8074979928420963262, guid: bbf859596a29bc44badd6727baf3f6dc,
        type: 3}
      propertyPath: m_LocalRotation.z
      value: 0
      objectReference: {fileID: 0}
    - target: {fileID: 8074979928420963262, guid: bbf859596a29bc44badd6727baf3f6dc,
        type: 3}
      propertyPath: m_LocalEulerAnglesHint.x
      value: 0
      objectReference: {fileID: 0}
    - target: {fileID: 8074979928420963262, guid: bbf859596a29bc44badd6727baf3f6dc,
        type: 3}
      propertyPath: m_LocalEulerAnglesHint.y
      value: 0
      objectReference: {fileID: 0}
    - target: {fileID: 8074979928420963262, guid: bbf859596a29bc44badd6727baf3f6dc,
        type: 3}
      propertyPath: m_LocalEulerAnglesHint.z
      value: 0
      objectReference: {fileID: 0}
    - target: {fileID: 8074979928420963263, guid: bbf859596a29bc44badd6727baf3f6dc,
        type: 3}
      propertyPath: m_Name
      value: Shadow Quad
      objectReference: {fileID: 0}
    m_RemovedComponents: []
  m_SourcePrefab: {fileID: 100100000, guid: bbf859596a29bc44badd6727baf3f6dc, type: 3}
--- !u!4 &4577683330479432583 stripped
Transform:
  m_CorrespondingSourceObject: {fileID: 8074979928420963262, guid: bbf859596a29bc44badd6727baf3f6dc,
    type: 3}
  m_PrefabInstance: {fileID: 5735094202115878969}
  m_PrefabAsset: {fileID: 0}
--- !u!1001 &6789322986964169615
PrefabInstance:
  m_ObjectHideFlags: 0
  serializedVersion: 2
  m_Modification:
    m_TransformParent: {fileID: 1532149070334085525}
    m_Modifications:
    - target: {fileID: 8074979928420963262, guid: bbf859596a29bc44badd6727baf3f6dc,
        type: 3}
      propertyPath: m_RootOrder
      value: 7
      objectReference: {fileID: 0}
    - target: {fileID: 8074979928420963262, guid: bbf859596a29bc44badd6727baf3f6dc,
        type: 3}
      propertyPath: m_LocalScale.x
      value: 1
      objectReference: {fileID: 0}
    - target: {fileID: 8074979928420963262, guid: bbf859596a29bc44badd6727baf3f6dc,
        type: 3}
      propertyPath: m_LocalScale.y
      value: 0.7
      objectReference: {fileID: 0}
    - target: {fileID: 8074979928420963262, guid: bbf859596a29bc44badd6727baf3f6dc,
        type: 3}
      propertyPath: m_LocalPosition.x
      value: 0
      objectReference: {fileID: 0}
    - target: {fileID: 8074979928420963262, guid: bbf859596a29bc44badd6727baf3f6dc,
        type: 3}
      propertyPath: m_LocalPosition.y
      value: 0.35
      objectReference: {fileID: 0}
    - target: {fileID: 8074979928420963262, guid: bbf859596a29bc44badd6727baf3f6dc,
        type: 3}
      propertyPath: m_LocalPosition.z
      value: 0
      objectReference: {fileID: 0}
    - target: {fileID: 8074979928420963262, guid: bbf859596a29bc44badd6727baf3f6dc,
        type: 3}
      propertyPath: m_LocalRotation.w
      value: 1
      objectReference: {fileID: 0}
    - target: {fileID: 8074979928420963262, guid: bbf859596a29bc44badd6727baf3f6dc,
        type: 3}
      propertyPath: m_LocalRotation.x
      value: 0
      objectReference: {fileID: 0}
    - target: {fileID: 8074979928420963262, guid: bbf859596a29bc44badd6727baf3f6dc,
        type: 3}
      propertyPath: m_LocalRotation.y
      value: 0
      objectReference: {fileID: 0}
    - target: {fileID: 8074979928420963262, guid: bbf859596a29bc44badd6727baf3f6dc,
        type: 3}
      propertyPath: m_LocalRotation.z
      value: 0
      objectReference: {fileID: 0}
    - target: {fileID: 8074979928420963262, guid: bbf859596a29bc44badd6727baf3f6dc,
        type: 3}
      propertyPath: m_LocalEulerAnglesHint.x
      value: 0
      objectReference: {fileID: 0}
    - target: {fileID: 8074979928420963262, guid: bbf859596a29bc44badd6727baf3f6dc,
        type: 3}
      propertyPath: m_LocalEulerAnglesHint.y
      value: 0
      objectReference: {fileID: 0}
    - target: {fileID: 8074979928420963262, guid: bbf859596a29bc44badd6727baf3f6dc,
        type: 3}
      propertyPath: m_LocalEulerAnglesHint.z
      value: 0
      objectReference: {fileID: 0}
    - target: {fileID: 8074979928420963263, guid: bbf859596a29bc44badd6727baf3f6dc,
        type: 3}
      propertyPath: m_Name
      value: Shadow Quad (2)
      objectReference: {fileID: 0}
    m_RemovedComponents: []
  m_SourcePrefab: {fileID: 100100000, guid: bbf859596a29bc44badd6727baf3f6dc, type: 3}
--- !u!4 &3326069125143617585 stripped
Transform:
  m_CorrespondingSourceObject: {fileID: 8074979928420963262, guid: bbf859596a29bc44badd6727baf3f6dc,
    type: 3}
  m_PrefabInstance: {fileID: 6789322986964169615}
  m_PrefabAsset: {fileID: 0}
