%YAML 1.1
%TAG !u! tag:unity3d.com,2011:
--- !u!1 &1896267666597647629
GameObject:
  m_ObjectHideFlags: 0
  m_CorrespondingSourceObject: {fileID: 0}
  m_PrefabInstance: {fileID: 0}
  m_PrefabAsset: {fileID: 0}
  serializedVersion: 6
  m_Component:
  - component: {fileID: 3173837885384845086}
  - component: {fileID: 430659064212282906}
  m_Layer: 0
  m_Name: WallIn_B_3x_window
  m_TagString: Untagged
  m_Icon: {fileID: 0}
  m_NavMeshLayer: 0
  m_StaticEditorFlags: 4294967295
  m_IsActive: 1
--- !u!4 &3173837885384845086
Transform:
  m_ObjectHideFlags: 0
  m_CorrespondingSourceObject: {fileID: 0}
  m_PrefabInstance: {fileID: 0}
  m_PrefabAsset: {fileID: 0}
  m_GameObject: {fileID: 1896267666597647629}
  m_LocalRotation: {x: 0, y: 0, z: 0, w: 1}
  m_LocalPosition: {x: 0, y: 0, z: 0}
  m_LocalScale: {x: 1, y: 1, z: 1}
  m_ConstrainProportionsScale: 0
  m_Children:
  - {fileID: 6228957923283578139}
  - {fileID: 8646089540127332071}
  - {fileID: 4529782797575066555}
  - {fileID: 2335842912874030543}
  - {fileID: 6677531909270325746}
  - {fileID: 7042817533169676678}
  - {fileID: 4244371191521748508}
  - {fileID: 6766787581411168153}
  - {fileID: 4007930827828620708}
  m_Father: {fileID: 0}
  m_RootOrder: 0
  m_LocalEulerAnglesHint: {x: 0, y: 0, z: 0}
--- !u!114 &430659064212282906
MonoBehaviour:
  m_ObjectHideFlags: 0
  m_CorrespondingSourceObject: {fileID: 0}
  m_PrefabInstance: {fileID: 0}
  m_PrefabAsset: {fileID: 0}
  m_GameObject: {fileID: 1896267666597647629}
  m_Enabled: 1
  m_EditorHideFlags: 0
  m_Script: {fileID: 11500000, guid: f2ceca84b64fc284aa1b4fc82564f40b, type: 3}
  m_Name: 
  m_EditorClassIdentifier: 
  _materialDefintiion: {fileID: 11400000, guid: ffce2381f48f540408875efb2edae3a8,
    type: 2}
--- !u!1 &6228957923283578211
GameObject:
  m_ObjectHideFlags: 0
  m_CorrespondingSourceObject: {fileID: 0}
  m_PrefabInstance: {fileID: 0}
  m_PrefabAsset: {fileID: 0}
  serializedVersion: 6
  m_Component:
  - component: {fileID: 6228957923283578139}
  - component: {fileID: 6228957923283578141}
  - component: {fileID: 6228957923283578140}
  m_Layer: 0
  m_Name: mesh
  m_TagString: Untagged
  m_Icon: {fileID: 0}
  m_NavMeshLayer: 0
  m_StaticEditorFlags: 4294967295
  m_IsActive: 1
--- !u!4 &6228957923283578139
Transform:
  m_ObjectHideFlags: 0
  m_CorrespondingSourceObject: {fileID: 0}
  m_PrefabInstance: {fileID: 0}
  m_PrefabAsset: {fileID: 0}
  m_GameObject: {fileID: 6228957923283578211}
  m_LocalRotation: {x: -0, y: -0, z: -0, w: 1}
  m_LocalPosition: {x: 1.5, y: 0, z: 0}
  m_LocalScale: {x: 1, y: 1, z: 1}
  m_ConstrainProportionsScale: 0
  m_Children: []
  m_Father: {fileID: 3173837885384845086}
  m_RootOrder: 0
  m_LocalEulerAnglesHint: {x: 0, y: 0, z: 0}
--- !u!33 &6228957923283578141
MeshFilter:
  m_ObjectHideFlags: 0
  m_CorrespondingSourceObject: {fileID: 0}
  m_PrefabInstance: {fileID: 0}
  m_PrefabAsset: {fileID: 0}
  m_GameObject: {fileID: 6228957923283578211}
  m_Mesh: {fileID: -853766466496743722, guid: 6f63a27362b2f95498a438e76f24cf23, type: 3}
--- !u!23 &6228957923283578140
MeshRenderer:
  m_ObjectHideFlags: 0
  m_CorrespondingSourceObject: {fileID: 0}
  m_PrefabInstance: {fileID: 0}
  m_PrefabAsset: {fileID: 0}
  m_GameObject: {fileID: 6228957923283578211}
  m_Enabled: 1
  m_CastShadows: 2
  m_ReceiveShadows: 1
  m_DynamicOccludee: 1
  m_StaticShadowCaster: 0
  m_MotionVectors: 1
  m_LightProbeUsage: 1
  m_ReflectionProbeUsage: 1
  m_RayTracingMode: 2
  m_RayTraceProcedural: 0
  m_RenderingLayerMask: 1
  m_RendererPriority: 0
  m_Materials:
  - {fileID: 2100000, guid: 645049ae8e523674ba0c43034fcf5634, type: 2}
  - {fileID: 2100000, guid: 181a2a1c16645974b8ba21fbf9e58955, type: 2}
  m_StaticBatchInfo:
    firstSubMesh: 0
    subMeshCount: 0
  m_StaticBatchRoot: {fileID: 0}
  m_ProbeAnchor: {fileID: 0}
  m_LightProbeVolumeOverride: {fileID: 0}
  m_ScaleInLightmap: 1.65
  m_ReceiveGI: 1
  m_PreserveUVs: 0
  m_IgnoreNormalsForChartDetection: 0
  m_ImportantGI: 0
  m_StitchLightmapSeams: 1
  m_SelectedEditorRenderState: 3
  m_MinimumChartSize: 4
  m_AutoUVMaxDistance: 0.5
  m_AutoUVMaxAngle: 89
  m_LightmapParameters: {fileID: 0}
  m_SortingLayerID: 0
  m_SortingLayer: 0
  m_SortingOrder: 0
  m_AdditionalVertexStreams: {fileID: 0}
--- !u!1 &6624947332336379000
GameObject:
  m_ObjectHideFlags: 0
  m_CorrespondingSourceObject: {fileID: 0}
  m_PrefabInstance: {fileID: 0}
  m_PrefabAsset: {fileID: 0}
  serializedVersion: 6
  m_Component:
  - component: {fileID: 8646089540127332071}
  - component: {fileID: 7565573597220163417}
  - component: {fileID: 6856321285441461068}
  - component: {fileID: 7376037750896190420}
  - component: {fileID: 4835490198274770403}
  m_Layer: 0
  m_Name: body
  m_TagString: Untagged
  m_Icon: {fileID: 0}
  m_NavMeshLayer: 0
  m_StaticEditorFlags: 4294967295
  m_IsActive: 1
--- !u!4 &8646089540127332071
Transform:
  m_ObjectHideFlags: 0
  m_CorrespondingSourceObject: {fileID: 0}
  m_PrefabInstance: {fileID: 0}
  m_PrefabAsset: {fileID: 0}
  m_GameObject: {fileID: 6624947332336379000}
  m_LocalRotation: {x: -0, y: -0, z: -0, w: 1}
  m_LocalPosition: {x: 1.5, y: 0, z: 0}
  m_LocalScale: {x: 1, y: 1, z: 1}
  m_ConstrainProportionsScale: 0
  m_Children: []
  m_Father: {fileID: 3173837885384845086}
  m_RootOrder: 1
  m_LocalEulerAnglesHint: {x: 0, y: 0, z: 0}
--- !u!65 &7565573597220163417
BoxCollider:
  m_ObjectHideFlags: 0
  m_CorrespondingSourceObject: {fileID: 0}
  m_PrefabInstance: {fileID: 0}
  m_PrefabAsset: {fileID: 0}
  m_GameObject: {fileID: 6624947332336379000}
  m_Material: {fileID: 0}
  m_IsTrigger: 0
  m_Enabled: 1
  serializedVersion: 2
  m_Size: {x: 3.02, y: 0.75, z: 0.03}
  m_Center: {x: -1.5, y: 0.3555, z: 0.1}
--- !u!65 &6856321285441461068
BoxCollider:
  m_ObjectHideFlags: 0
  m_CorrespondingSourceObject: {fileID: 0}
  m_PrefabInstance: {fileID: 0}
  m_PrefabAsset: {fileID: 0}
  m_GameObject: {fileID: 6624947332336379000}
  m_Material: {fileID: 0}
  m_IsTrigger: 0
  m_Enabled: 1
  serializedVersion: 2
  m_Size: {x: 3.02, y: 0.57, z: 0.03}
  m_Center: {x: -1.5, y: 2.52, z: 0.1}
--- !u!65 &7376037750896190420
BoxCollider:
  m_ObjectHideFlags: 0
  m_CorrespondingSourceObject: {fileID: 0}
  m_PrefabInstance: {fileID: 0}
  m_PrefabAsset: {fileID: 0}
  m_GameObject: {fileID: 6624947332336379000}
  m_Material: {fileID: 0}
  m_IsTrigger: 0
  m_Enabled: 1
  serializedVersion: 2
  m_Size: {x: 0.94, y: 2.8, z: 0.03}
  m_Center: {x: -2.54, y: 1.4, z: 0.1}
--- !u!65 &4835490198274770403
BoxCollider:
  m_ObjectHideFlags: 0
  m_CorrespondingSourceObject: {fileID: 0}
  m_PrefabInstance: {fileID: 0}
  m_PrefabAsset: {fileID: 0}
  m_GameObject: {fileID: 6624947332336379000}
  m_Material: {fileID: 0}
  m_IsTrigger: 0
  m_Enabled: 1
  serializedVersion: 2
  m_Size: {x: 0.94, y: 2.8, z: 0.03}
  m_Center: {x: -0.46, y: 1.4, z: 0.1}
--- !u!1001 &74926516620220333
PrefabInstance:
  m_ObjectHideFlags: 0
  serializedVersion: 2
  m_Modification:
    m_TransformParent: {fileID: 3173837885384845086}
    m_Modifications:
    - target: {fileID: 2330710285677320647, guid: 180a6a3ac99554542ab6eaa8eb09d87b,
        type: 3}
      propertyPath: m_Name
      value: View Blocker
      objectReference: {fileID: 0}
    - target: {fileID: 6746790958161141343, guid: 180a6a3ac99554542ab6eaa8eb09d87b,
        type: 3}
      propertyPath: m_RootOrder
      value: 4
      objectReference: {fileID: 0}
    - target: {fileID: 6746790958161141343, guid: 180a6a3ac99554542ab6eaa8eb09d87b,
        type: 3}
      propertyPath: m_LocalScale.x
      value: 1.5
      objectReference: {fileID: 0}
    - target: {fileID: 6746790958161141343, guid: 180a6a3ac99554542ab6eaa8eb09d87b,
        type: 3}
      propertyPath: m_LocalScale.y
      value: 2
      objectReference: {fileID: 0}
    - target: {fileID: 6746790958161141343, guid: 180a6a3ac99554542ab6eaa8eb09d87b,
        type: 3}
      propertyPath: m_LocalPosition.x
      value: 0
      objectReference: {fileID: 0}
    - target: {fileID: 6746790958161141343, guid: 180a6a3ac99554542ab6eaa8eb09d87b,
        type: 3}
      propertyPath: m_LocalPosition.y
      value: 1.5
      objectReference: {fileID: 0}
    - target: {fileID: 6746790958161141343, guid: 180a6a3ac99554542ab6eaa8eb09d87b,
        type: 3}
      propertyPath: m_LocalPosition.z
      value: -0.142
      objectReference: {fileID: 0}
    - target: {fileID: 6746790958161141343, guid: 180a6a3ac99554542ab6eaa8eb09d87b,
        type: 3}
      propertyPath: m_LocalRotation.w
      value: 0
      objectReference: {fileID: 0}
    - target: {fileID: 6746790958161141343, guid: 180a6a3ac99554542ab6eaa8eb09d87b,
        type: 3}
      propertyPath: m_LocalRotation.x
      value: 0
      objectReference: {fileID: 0}
    - target: {fileID: 6746790958161141343, guid: 180a6a3ac99554542ab6eaa8eb09d87b,
        type: 3}
      propertyPath: m_LocalRotation.y
      value: 1
      objectReference: {fileID: 0}
    - target: {fileID: 6746790958161141343, guid: 180a6a3ac99554542ab6eaa8eb09d87b,
        type: 3}
      propertyPath: m_LocalRotation.z
      value: 0
      objectReference: {fileID: 0}
    - target: {fileID: 6746790958161141343, guid: 180a6a3ac99554542ab6eaa8eb09d87b,
        type: 3}
      propertyPath: m_LocalEulerAnglesHint.x
      value: 0
      objectReference: {fileID: 0}
    - target: {fileID: 6746790958161141343, guid: 180a6a3ac99554542ab6eaa8eb09d87b,
        type: 3}
      propertyPath: m_LocalEulerAnglesHint.y
      value: 180
      objectReference: {fileID: 0}
    - target: {fileID: 6746790958161141343, guid: 180a6a3ac99554542ab6eaa8eb09d87b,
        type: 3}
      propertyPath: m_LocalEulerAnglesHint.z
      value: 0
      objectReference: {fileID: 0}
    m_RemovedComponents: []
  m_SourcePrefab: {fileID: 100100000, guid: 180a6a3ac99554542ab6eaa8eb09d87b, type: 3}
--- !u!4 &6677531909270325746 stripped
Transform:
  m_CorrespondingSourceObject: {fileID: 6746790958161141343, guid: 180a6a3ac99554542ab6eaa8eb09d87b,
    type: 3}
  m_PrefabInstance: {fileID: 74926516620220333}
  m_PrefabAsset: {fileID: 0}
--- !u!1001 &1273685596980142648
PrefabInstance:
  m_ObjectHideFlags: 0
  serializedVersion: 2
  m_Modification:
    m_TransformParent: {fileID: 3173837885384845086}
    m_Modifications:
    - target: {fileID: 8074979928420963262, guid: bbf859596a29bc44badd6727baf3f6dc,
        type: 3}
      propertyPath: m_RootOrder
      value: 5
      objectReference: {fileID: 0}
    - target: {fileID: 8074979928420963262, guid: bbf859596a29bc44badd6727baf3f6dc,
        type: 3}
      propertyPath: m_LocalScale.x
      value: 1
      objectReference: {fileID: 0}
    - target: {fileID: 8074979928420963262, guid: bbf859596a29bc44badd6727baf3f6dc,
        type: 3}
      propertyPath: m_LocalScale.y
      value: 2.8
      objectReference: {fileID: 0}
    - target: {fileID: 8074979928420963262, guid: bbf859596a29bc44badd6727baf3f6dc,
        type: 3}
      propertyPath: m_LocalPosition.x
      value: -1
      objectReference: {fileID: 0}
    - target: {fileID: 8074979928420963262, guid: bbf859596a29bc44badd6727baf3f6dc,
        type: 3}
      propertyPath: m_LocalPosition.y
      value: 1.4
      objectReference: {fileID: 0}
    - target: {fileID: 8074979928420963262, guid: bbf859596a29bc44badd6727baf3f6dc,
        type: 3}
      propertyPath: m_LocalPosition.z
      value: 0
      objectReference: {fileID: 0}
    - target: {fileID: 8074979928420963262, guid: bbf859596a29bc44badd6727baf3f6dc,
        type: 3}
      propertyPath: m_LocalRotation.w
      value: 1
      objectReference: {fileID: 0}
    - target: {fileID: 8074979928420963262, guid: bbf859596a29bc44badd6727baf3f6dc,
        type: 3}
      propertyPath: m_LocalRotation.x
      value: 0
      objectReference: {fileID: 0}
    - target: {fileID: 8074979928420963262, guid: bbf859596a29bc44badd6727baf3f6dc,
        type: 3}
      propertyPath: m_LocalRotation.y
      value: 0
      objectReference: {fileID: 0}
    - target: {fileID: 8074979928420963262, guid: bbf859596a29bc44badd6727baf3f6dc,
        type: 3}
      propertyPath: m_LocalRotation.z
      value: 0
      objectReference: {fileID: 0}
    - target: {fileID: 8074979928420963262, guid: bbf859596a29bc44badd6727baf3f6dc,
        type: 3}
      propertyPath: m_LocalEulerAnglesHint.x
      value: 0
      objectReference: {fileID: 0}
    - target: {fileID: 8074979928420963262, guid: bbf859596a29bc44badd6727baf3f6dc,
        type: 3}
      propertyPath: m_LocalEulerAnglesHint.y
      value: 0
      objectReference: {fileID: 0}
    - target: {fileID: 8074979928420963262, guid: bbf859596a29bc44badd6727baf3f6dc,
        type: 3}
      propertyPath: m_LocalEulerAnglesHint.z
      value: 0
      objectReference: {fileID: 0}
    - target: {fileID: 8074979928420963263, guid: bbf859596a29bc44badd6727baf3f6dc,
        type: 3}
      propertyPath: m_Name
      value: Shadow Quad
      objectReference: {fileID: 0}
    m_RemovedComponents: []
  m_SourcePrefab: {fileID: 100100000, guid: bbf859596a29bc44badd6727baf3f6dc, type: 3}
--- !u!4 &7042817533169676678 stripped
Transform:
  m_CorrespondingSourceObject: {fileID: 8074979928420963262, guid: bbf859596a29bc44badd6727baf3f6dc,
    type: 3}
  m_PrefabInstance: {fileID: 1273685596980142648}
  m_PrefabAsset: {fileID: 0}
--- !u!1001 &3312505287557602343
PrefabInstance:
  m_ObjectHideFlags: 0
  serializedVersion: 2
  m_Modification:
    m_TransformParent: {fileID: 3173837885384845086}
    m_Modifications:
    - target: {fileID: 8074979928420963262, guid: bbf859596a29bc44badd6727baf3f6dc,
        type: 3}
      propertyPath: m_RootOrder
      value: 7
      objectReference: {fileID: 0}
    - target: {fileID: 8074979928420963262, guid: bbf859596a29bc44badd6727baf3f6dc,
        type: 3}
      propertyPath: m_LocalScale.x
      value: 1
      objectReference: {fileID: 0}
    - target: {fileID: 8074979928420963262, guid: bbf859596a29bc44badd6727baf3f6dc,
        type: 3}
      propertyPath: m_LocalScale.y
      value: 0.7
      objectReference: {fileID: 0}
    - target: {fileID: 8074979928420963262, guid: bbf859596a29bc44badd6727baf3f6dc,
        type: 3}
      propertyPath: m_LocalPosition.x
      value: 0
      objectReference: {fileID: 0}
    - target: {fileID: 8074979928420963262, guid: bbf859596a29bc44badd6727baf3f6dc,
        type: 3}
      propertyPath: m_LocalPosition.y
      value: 0.35
      objectReference: {fileID: 0}
    - target: {fileID: 8074979928420963262, guid: bbf859596a29bc44badd6727baf3f6dc,
        type: 3}
      propertyPath: m_LocalPosition.z
      value: 0
      objectReference: {fileID: 0}
    - target: {fileID: 8074979928420963262, guid: bbf859596a29bc44badd6727baf3f6dc,
        type: 3}
      propertyPath: m_LocalRotation.w
      value: 1
      objectReference: {fileID: 0}
    - target: {fileID: 8074979928420963262, guid: bbf859596a29bc44badd6727baf3f6dc,
        type: 3}
      propertyPath: m_LocalRotation.x
      value: 0
      objectReference: {fileID: 0}
    - target: {fileID: 8074979928420963262, guid: bbf859596a29bc44badd6727baf3f6dc,
        type: 3}
      propertyPath: m_LocalRotation.y
      value: 0
      objectReference: {fileID: 0}
    - target: {fileID: 8074979928420963262, guid: bbf859596a29bc44badd6727baf3f6dc,
        type: 3}
      propertyPath: m_LocalRotation.z
      value: 0
      objectReference: {fileID: 0}
    - target: {fileID: 8074979928420963262, guid: bbf859596a29bc44badd6727baf3f6dc,
        type: 3}
      propertyPath: m_LocalEulerAnglesHint.x
      value: 0
      objectReference: {fileID: 0}
    - target: {fileID: 8074979928420963262, guid: bbf859596a29bc44badd6727baf3f6dc,
        type: 3}
      propertyPath: m_LocalEulerAnglesHint.y
      value: 0
      objectReference: {fileID: 0}
    - target: {fileID: 8074979928420963262, guid: bbf859596a29bc44badd6727baf3f6dc,
        type: 3}
      propertyPath: m_LocalEulerAnglesHint.z
      value: 0
      objectReference: {fileID: 0}
    - target: {fileID: 8074979928420963263, guid: bbf859596a29bc44badd6727baf3f6dc,
        type: 3}
      propertyPath: m_Name
      value: Shadow Quad (2)
      objectReference: {fileID: 0}
    m_RemovedComponents: []
  m_SourcePrefab: {fileID: 100100000, guid: bbf859596a29bc44badd6727baf3f6dc, type: 3}
--- !u!4 &6766787581411168153 stripped
Transform:
  m_CorrespondingSourceObject: {fileID: 8074979928420963262, guid: bbf859596a29bc44badd6727baf3f6dc,
    type: 3}
  m_PrefabInstance: {fileID: 3312505287557602343}
  m_PrefabAsset: {fileID: 0}
--- !u!1001 &4690253659683388187
PrefabInstance:
  m_ObjectHideFlags: 0
  serializedVersion: 2
  m_Modification:
    m_TransformParent: {fileID: 3173837885384845086}
    m_Modifications:
    - target: {fileID: 6279968149849369799, guid: 74268774c862a3843b3e6c64bdf4d9a5,
        type: 3}
      propertyPath: m_Name
      value: Windowshutters
      objectReference: {fileID: 0}
    - target: {fileID: 7024969020132499156, guid: 74268774c862a3843b3e6c64bdf4d9a5,
        type: 3}
      propertyPath: m_RootOrder
      value: 3
      objectReference: {fileID: 0}
    - target: {fileID: 7024969020132499156, guid: 74268774c862a3843b3e6c64bdf4d9a5,
        type: 3}
      propertyPath: m_LocalPosition.x
      value: 0
      objectReference: {fileID: 0}
    - target: {fileID: 7024969020132499156, guid: 74268774c862a3843b3e6c64bdf4d9a5,
        type: 3}
      propertyPath: m_LocalPosition.y
      value: 1.5
      objectReference: {fileID: 0}
    - target: {fileID: 7024969020132499156, guid: 74268774c862a3843b3e6c64bdf4d9a5,
        type: 3}
      propertyPath: m_LocalPosition.z
      value: -0.24
      objectReference: {fileID: 0}
    - target: {fileID: 7024969020132499156, guid: 74268774c862a3843b3e6c64bdf4d9a5,
        type: 3}
      propertyPath: m_LocalRotation.w
      value: 1
      objectReference: {fileID: 0}
    - target: {fileID: 7024969020132499156, guid: 74268774c862a3843b3e6c64bdf4d9a5,
        type: 3}
      propertyPath: m_LocalRotation.x
      value: -0
      objectReference: {fileID: 0}
    - target: {fileID: 7024969020132499156, guid: 74268774c862a3843b3e6c64bdf4d9a5,
        type: 3}
      propertyPath: m_LocalRotation.y
      value: -0
      objectReference: {fileID: 0}
    - target: {fileID: 7024969020132499156, guid: 74268774c862a3843b3e6c64bdf4d9a5,
        type: 3}
      propertyPath: m_LocalRotation.z
      value: -0
      objectReference: {fileID: 0}
    - target: {fileID: 7024969020132499156, guid: 74268774c862a3843b3e6c64bdf4d9a5,
        type: 3}
      propertyPath: m_LocalEulerAnglesHint.x
      value: 0
      objectReference: {fileID: 0}
    - target: {fileID: 7024969020132499156, guid: 74268774c862a3843b3e6c64bdf4d9a5,
        type: 3}
      propertyPath: m_LocalEulerAnglesHint.y
      value: 0
      objectReference: {fileID: 0}
    - target: {fileID: 7024969020132499156, guid: 74268774c862a3843b3e6c64bdf4d9a5,
        type: 3}
      propertyPath: m_LocalEulerAnglesHint.z
      value: 0
      objectReference: {fileID: 0}
    m_RemovedComponents: []
  m_SourcePrefab: {fileID: 100100000, guid: 74268774c862a3843b3e6c64bdf4d9a5, type: 3}
--- !u!4 &2335842912874030543 stripped
Transform:
  m_CorrespondingSourceObject: {fileID: 7024969020132499156, guid: 74268774c862a3843b3e6c64bdf4d9a5,
    type: 3}
  m_PrefabInstance: {fileID: 4690253659683388187}
  m_PrefabAsset: {fileID: 0}
--- !u!1001 &5156358430977375770
PrefabInstance:
  m_ObjectHideFlags: 0
  serializedVersion: 2
  m_Modification:
    m_TransformParent: {fileID: 3173837885384845086}
    m_Modifications:
    - target: {fileID: 8074979928420963262, guid: bbf859596a29bc44badd6727baf3f6dc,
        type: 3}
      propertyPath: m_RootOrder
      value: 8
      objectReference: {fileID: 0}
    - target: {fileID: 8074979928420963262, guid: bbf859596a29bc44badd6727baf3f6dc,
        type: 3}
      propertyPath: m_LocalScale.x
      value: 1
      objectReference: {fileID: 0}
    - target: {fileID: 8074979928420963262, guid: bbf859596a29bc44badd6727baf3f6dc,
        type: 3}
      propertyPath: m_LocalScale.y
      value: 0.7
      objectReference: {fileID: 0}
    - target: {fileID: 8074979928420963262, guid: bbf859596a29bc44badd6727baf3f6dc,
        type: 3}
      propertyPath: m_LocalPosition.x
      value: 0
      objectReference: {fileID: 0}
    - target: {fileID: 8074979928420963262, guid: bbf859596a29bc44badd6727baf3f6dc,
        type: 3}
      propertyPath: m_LocalPosition.y
      value: 2.45
      objectReference: {fileID: 0}
    - target: {fileID: 8074979928420963262, guid: bbf859596a29bc44badd6727baf3f6dc,
        type: 3}
      propertyPath: m_LocalPosition.z
      value: 0
      objectReference: {fileID: 0}
    - target: {fileID: 8074979928420963262, guid: bbf859596a29bc44badd6727baf3f6dc,
        type: 3}
      propertyPath: m_LocalRotation.w
      value: 1
      objectReference: {fileID: 0}
    - target: {fileID: 8074979928420963262, guid: bbf859596a29bc44badd6727baf3f6dc,
        type: 3}
      propertyPath: m_LocalRotation.x
      value: 0
      objectReference: {fileID: 0}
    - target: {fileID: 8074979928420963262, guid: bbf859596a29bc44badd6727baf3f6dc,
        type: 3}
      propertyPath: m_LocalRotation.y
      value: 0
      objectReference: {fileID: 0}
    - target: {fileID: 8074979928420963262, guid: bbf859596a29bc44badd6727baf3f6dc,
        type: 3}
      propertyPath: m_LocalRotation.z
      value: 0
      objectReference: {fileID: 0}
    - target: {fileID: 8074979928420963262, guid: bbf859596a29bc44badd6727baf3f6dc,
        type: 3}
      propertyPath: m_LocalEulerAnglesHint.x
      value: 0
      objectReference: {fileID: 0}
    - target: {fileID: 8074979928420963262, guid: bbf859596a29bc44badd6727baf3f6dc,
        type: 3}
      propertyPath: m_LocalEulerAnglesHint.y
      value: 0
      objectReference: {fileID: 0}
    - target: {fileID: 8074979928420963262, guid: bbf859596a29bc44badd6727baf3f6dc,
        type: 3}
      propertyPath: m_LocalEulerAnglesHint.z
      value: 0
      objectReference: {fileID: 0}
    - target: {fileID: 8074979928420963263, guid: bbf859596a29bc44badd6727baf3f6dc,
        type: 3}
      propertyPath: m_Name
      value: Shadow Quad (3)
      objectReference: {fileID: 0}
    m_RemovedComponents: []
  m_SourcePrefab: {fileID: 100100000, guid: bbf859596a29bc44badd6727baf3f6dc, type: 3}
--- !u!4 &4007930827828620708 stripped
Transform:
  m_CorrespondingSourceObject: {fileID: 8074979928420963262, guid: bbf859596a29bc44badd6727baf3f6dc,
    type: 3}
  m_PrefabInstance: {fileID: 5156358430977375770}
  m_PrefabAsset: {fileID: 0}
--- !u!1001 &5401819720087172514
PrefabInstance:
  m_ObjectHideFlags: 0
  serializedVersion: 2
  m_Modification:
    m_TransformParent: {fileID: 3173837885384845086}
    m_Modifications:
    - target: {fileID: 8074979928420963262, guid: bbf859596a29bc44badd6727baf3f6dc,
        type: 3}
      propertyPath: m_RootOrder
      value: 6
      objectReference: {fileID: 0}
    - target: {fileID: 8074979928420963262, guid: bbf859596a29bc44badd6727baf3f6dc,
        type: 3}
      propertyPath: m_LocalScale.x
      value: 1
      objectReference: {fileID: 0}
    - target: {fileID: 8074979928420963262, guid: bbf859596a29bc44badd6727baf3f6dc,
        type: 3}
      propertyPath: m_LocalScale.y
      value: 2.8
      objectReference: {fileID: 0}
    - target: {fileID: 8074979928420963262, guid: bbf859596a29bc44badd6727baf3f6dc,
        type: 3}
      propertyPath: m_LocalPosition.x
      value: 1
      objectReference: {fileID: 0}
    - target: {fileID: 8074979928420963262, guid: bbf859596a29bc44badd6727baf3f6dc,
        type: 3}
      propertyPath: m_LocalPosition.y
      value: 1.4
      objectReference: {fileID: 0}
    - target: {fileID: 8074979928420963262, guid: bbf859596a29bc44badd6727baf3f6dc,
        type: 3}
      propertyPath: m_LocalPosition.z
      value: 0
      objectReference: {fileID: 0}
    - target: {fileID: 8074979928420963262, guid: bbf859596a29bc44badd6727baf3f6dc,
        type: 3}
      propertyPath: m_LocalRotation.w
      value: 1
      objectReference: {fileID: 0}
    - target: {fileID: 8074979928420963262, guid: bbf859596a29bc44badd6727baf3f6dc,
        type: 3}
      propertyPath: m_LocalRotation.x
      value: 0
      objectReference: {fileID: 0}
    - target: {fileID: 8074979928420963262, guid: bbf859596a29bc44badd6727baf3f6dc,
        type: 3}
      propertyPath: m_LocalRotation.y
      value: 0
      objectReference: {fileID: 0}
    - target: {fileID: 8074979928420963262, guid: bbf859596a29bc44badd6727baf3f6dc,
        type: 3}
      propertyPath: m_LocalRotation.z
      value: 0
      objectReference: {fileID: 0}
    - target: {fileID: 8074979928420963262, guid: bbf859596a29bc44badd6727baf3f6dc,
        type: 3}
      propertyPath: m_LocalEulerAnglesHint.x
      value: 0
      objectReference: {fileID: 0}
    - target: {fileID: 8074979928420963262, guid: bbf859596a29bc44badd6727baf3f6dc,
        type: 3}
      propertyPath: m_LocalEulerAnglesHint.y
      value: 0
      objectReference: {fileID: 0}
    - target: {fileID: 8074979928420963262, guid: bbf859596a29bc44badd6727baf3f6dc,
        type: 3}
      propertyPath: m_LocalEulerAnglesHint.z
      value: 0
      objectReference: {fileID: 0}
    - target: {fileID: 8074979928420963263, guid: bbf859596a29bc44badd6727baf3f6dc,
        type: 3}
      propertyPath: m_Name
      value: Shadow Quad (1)
      objectReference: {fileID: 0}
    m_RemovedComponents: []
  m_SourcePrefab: {fileID: 100100000, guid: bbf859596a29bc44badd6727baf3f6dc, type: 3}
--- !u!4 &4244371191521748508 stripped
Transform:
  m_CorrespondingSourceObject: {fileID: 8074979928420963262, guid: bbf859596a29bc44badd6727baf3f6dc,
    type: 3}
  m_PrefabInstance: {fileID: 5401819720087172514}
  m_PrefabAsset: {fileID: 0}
--- !u!1001 &7654221408555087276
PrefabInstance:
  m_ObjectHideFlags: 0
  serializedVersion: 2
  m_Modification:
    m_TransformParent: {fileID: 3173837885384845086}
    m_Modifications:
    - target: {fileID: 6117089671051650583, guid: d8f7443df96e4d3408f21e55207b30e7,
        type: 3}
      propertyPath: m_RootOrder
      value: 2
      objectReference: {fileID: 0}
    - target: {fileID: 6117089671051650583, guid: d8f7443df96e4d3408f21e55207b30e7,
        type: 3}
      propertyPath: m_LocalPosition.x
      value: 0
      objectReference: {fileID: 0}
    - target: {fileID: 6117089671051650583, guid: d8f7443df96e4d3408f21e55207b30e7,
        type: 3}
      propertyPath: m_LocalPosition.y
      value: 1
      objectReference: {fileID: 0}
    - target: {fileID: 6117089671051650583, guid: d8f7443df96e4d3408f21e55207b30e7,
        type: 3}
      propertyPath: m_LocalPosition.z
      value: 0
      objectReference: {fileID: 0}
    - target: {fileID: 6117089671051650583, guid: d8f7443df96e4d3408f21e55207b30e7,
        type: 3}
      propertyPath: m_LocalRotation.w
      value: 1
      objectReference: {fileID: 0}
    - target: {fileID: 6117089671051650583, guid: d8f7443df96e4d3408f21e55207b30e7,
        type: 3}
      propertyPath: m_LocalRotation.x
      value: 0
      objectReference: {fileID: 0}
    - target: {fileID: 6117089671051650583, guid: d8f7443df96e4d3408f21e55207b30e7,
        type: 3}
      propertyPath: m_LocalRotation.y
      value: 0
      objectReference: {fileID: 0}
    - target: {fileID: 6117089671051650583, guid: d8f7443df96e4d3408f21e55207b30e7,
        type: 3}
      propertyPath: m_LocalRotation.z
      value: 0
      objectReference: {fileID: 0}
    - target: {fileID: 6117089671051650583, guid: d8f7443df96e4d3408f21e55207b30e7,
        type: 3}
      propertyPath: m_LocalEulerAnglesHint.x
      value: 0
      objectReference: {fileID: 0}
    - target: {fileID: 6117089671051650583, guid: d8f7443df96e4d3408f21e55207b30e7,
        type: 3}
      propertyPath: m_LocalEulerAnglesHint.y
      value: 0
      objectReference: {fileID: 0}
    - target: {fileID: 6117089671051650583, guid: d8f7443df96e4d3408f21e55207b30e7,
        type: 3}
      propertyPath: m_LocalEulerAnglesHint.z
      value: 0
      objectReference: {fileID: 0}
    - target: {fileID: 7115438361286300676, guid: d8f7443df96e4d3408f21e55207b30e7,
        type: 3}
      propertyPath: m_Name
      value: Window_single_static
      objectReference: {fileID: 0}
    m_RemovedComponents: []
  m_SourcePrefab: {fileID: 100100000, guid: d8f7443df96e4d3408f21e55207b30e7, type: 3}
--- !u!4 &4529782797575066555 stripped
Transform:
  m_CorrespondingSourceObject: {fileID: 6117089671051650583, guid: d8f7443df96e4d3408f21e55207b30e7,
    type: 3}
  m_PrefabInstance: {fileID: 7654221408555087276}
  m_PrefabAsset: {fileID: 0}
