%YAML 1.1
%TAG !u! tag:unity3d.com,2011:
--- !u!1 &1969867471150999603
GameObject:
  m_ObjectHideFlags: 0
  m_CorrespondingSourceObject: {fileID: 0}
  m_PrefabInstance: {fileID: 0}
  m_PrefabAsset: {fileID: 0}
  serializedVersion: 6
  m_Component:
  - component: {fileID: 5497375364266007638}
  - component: {fileID: 6879900849309528855}
  - component: {fileID: 1375697709024671662}
  - component: {fileID: 2109562931273153787}
  - component: {fileID: 3841513079817260106}
  m_Layer: 0
  m_Name: Flashlight Entity
  m_TagString: Untagged
  m_Icon: {fileID: 0}
  m_NavMeshLayer: 0
  m_StaticEditorFlags: 0
  m_IsActive: 1
--- !u!4 &5497375364266007638
Transform:
  m_ObjectHideFlags: 0
  m_CorrespondingSourceObject: {fileID: 0}
  m_PrefabInstance: {fileID: 0}
  m_PrefabAsset: {fileID: 0}
  m_GameObject: {fileID: 1969867471150999603}
  m_LocalRotation: {x: 0, y: 0, z: 0, w: 1}
  m_LocalPosition: {x: 0, y: 0, z: 0}
  m_LocalScale: {x: 1, y: 1, z: 1}
  m_ConstrainProportionsScale: 0
  m_Children:
  - {fileID: 2013697021354918977}
  - {fileID: 667068897661979460}
  m_Father: {fileID: 0}
  m_RootOrder: 0
  m_LocalEulerAnglesHint: {x: 0, y: 0, z: 0}
--- !u!114 &6879900849309528855
MonoBehaviour:
  m_ObjectHideFlags: 0
  m_CorrespondingSourceObject: {fileID: 0}
  m_PrefabInstance: {fileID: 0}
  m_PrefabAsset: {fileID: 0}
  m_GameObject: {fileID: 1969867471150999603}
  m_Enabled: 1
  m_EditorHideFlags: 0
  m_Script: {fileID: 11500000, guid: 6e9d0b93cb7210f429824225722d8860, type: 3}
  m_Name: 
  m_EditorClassIdentifier: 
  _entityId: 
  _itemDefinitionObj: {fileID: 11400000, guid: d038330b5a7e9c74c98b76c79f3c9b90, type: 2}
--- !u!54 &1375697709024671662
Rigidbody:
  m_ObjectHideFlags: 0
  m_CorrespondingSourceObject: {fileID: 0}
  m_PrefabInstance: {fileID: 0}
  m_PrefabAsset: {fileID: 0}
  m_GameObject: {fileID: 1969867471150999603}
  serializedVersion: 2
  m_Mass: 5
  m_Drag: 0
  m_AngularDrag: 0.05
  m_UseGravity: 1
  m_IsKinematic: 0
  m_Interpolate: 0
  m_Constraints: 0
  m_CollisionDetection: 3
--- !u!114 &2109562931273153787
MonoBehaviour:
  m_ObjectHideFlags: 0
  m_CorrespondingSourceObject: {fileID: 0}
  m_PrefabInstance: {fileID: 0}
  m_PrefabAsset: {fileID: 0}
  m_GameObject: {fileID: 1969867471150999603}
  m_Enabled: 1
  m_EditorHideFlags: 0
  m_Script: {fileID: 11500000, guid: 15fa52700ee3b574bb5a04262fc1a35a, type: 3}
  m_Name: 
  m_EditorClassIdentifier: 
  _portalSuckInEnabled: 0
--- !u!114 &3841513079817260106
MonoBehaviour:
  m_ObjectHideFlags: 0
  m_CorrespondingSourceObject: {fileID: 0}
  m_PrefabInstance: {fileID: 0}
  m_PrefabAsset: {fileID: 0}
  m_GameObject: {fileID: 1969867471150999603}
  m_Enabled: 1
  m_EditorHideFlags: 0
  m_Script: {fileID: 11500000, guid: 37c631718501c8848918570086d10557, type: 3}
  m_Name: 
  m_EditorClassIdentifier: 
  _interactableDeciderObj: {fileID: 0}
  _itemEntityObj: {fileID: 5497375364266007638}
  _itemQuantity:
    _useInline: 1
    _inlineValue: 1
    _variable: {fileID: 0}
--- !u!1001 &6347810509531066036
PrefabInstance:
  m_ObjectHideFlags: 0
  serializedVersion: 2
  m_Modification:
    m_TransformParent: {fileID: 5497375364266007638}
    m_Modifications:
    - target: {fileID: 605427449386829169, guid: 39f693e9283838b418114eb8de00ecc9,
        type: 3}
      propertyPath: m_Name
      value: Flashlight Model
      objectReference: {fileID: 0}
    - target: {fileID: 4892565897908611829, guid: 39f693e9283838b418114eb8de00ecc9,
        type: 3}
      propertyPath: m_RootOrder
      value: 0
      objectReference: {fileID: 0}
    - target: {fileID: 4892565897908611829, guid: 39f693e9283838b418114eb8de00ecc9,
        type: 3}
      propertyPath: m_LocalPosition.x
      value: 0
      objectReference: {fileID: 0}
    - target: {fileID: 4892565897908611829, guid: 39f693e9283838b418114eb8de00ecc9,
        type: 3}
      propertyPath: m_LocalPosition.y
      value: 0
      objectReference: {fileID: 0}
    - target: {fileID: 4892565897908611829, guid: 39f693e9283838b418114eb8de00ecc9,
        type: 3}
      propertyPath: m_LocalPosition.z
      value: 0
      objectReference: {fileID: 0}
    - target: {fileID: 4892565897908611829, guid: 39f693e9283838b418114eb8de00ecc9,
        type: 3}
      propertyPath: m_LocalRotation.w
      value: 0.7071068
      objectReference: {fileID: 0}
    - target: {fileID: 4892565897908611829, guid: 39f693e9283838b418114eb8de00ecc9,
        type: 3}
      propertyPath: m_LocalRotation.x
      value: 0
      objectReference: {fileID: 0}
    - target: {fileID: 4892565897908611829, guid: 39f693e9283838b418114eb8de00ecc9,
        type: 3}
      propertyPath: m_LocalRotation.y
      value: 0.7071068
      objectReference: {fileID: 0}
    - target: {fileID: 4892565897908611829, guid: 39f693e9283838b418114eb8de00ecc9,
        type: 3}
      propertyPath: m_LocalRotation.z
      value: 0
      objectReference: {fileID: 0}
    - target: {fileID: 4892565897908611829, guid: 39f693e9283838b418114eb8de00ecc9,
        type: 3}
      propertyPath: m_LocalEulerAnglesHint.x
      value: 0
      objectReference: {fileID: 0}
    - target: {fileID: 4892565897908611829, guid: 39f693e9283838b418114eb8de00ecc9,
        type: 3}
      propertyPath: m_LocalEulerAnglesHint.y
      value: 90
      objectReference: {fileID: 0}
    - target: {fileID: 4892565897908611829, guid: 39f693e9283838b418114eb8de00ecc9,
        type: 3}
      propertyPath: m_LocalEulerAnglesHint.z
      value: 0
      objectReference: {fileID: 0}
    m_RemovedComponents: []
  m_SourcePrefab: {fileID: 100100000, guid: 39f693e9283838b418114eb8de00ecc9, type: 3}
--- !u!4 &2013697021354918977 stripped
Transform:
  m_CorrespondingSourceObject: {fileID: 4892565897908611829, guid: 39f693e9283838b418114eb8de00ecc9,
    type: 3}
  m_PrefabInstance: {fileID: 6347810509531066036}
  m_PrefabAsset: {fileID: 0}
--- !u!1001 &6694300806369400990
PrefabInstance:
  m_ObjectHideFlags: 0
  serializedVersion: 2
  m_Modification:
    m_TransformParent: {fileID: 5497375364266007638}
    m_Modifications:
    - target: {fileID: 6084682967753285654, guid: cfd063499b6180d489b12da012c5b93d,
        type: 3}
      propertyPath: m_Name
      value: Flashlight Body
      objectReference: {fileID: 0}
    - target: {fileID: 6171911423293707226, guid: cfd063499b6180d489b12da012c5b93d,
        type: 3}
      propertyPath: m_RootOrder
      value: 1
      objectReference: {fileID: 0}
    - target: {fileID: 6171911423293707226, guid: cfd063499b6180d489b12da012c5b93d,
        type: 3}
      propertyPath: m_LocalPosition.x
      value: 0
      objectReference: {fileID: 0}
    - target: {fileID: 6171911423293707226, guid: cfd063499b6180d489b12da012c5b93d,
        type: 3}
      propertyPath: m_LocalPosition.y
      value: 0
      objectReference: {fileID: 0}
    - target: {fileID: 6171911423293707226, guid: cfd063499b6180d489b12da012c5b93d,
        type: 3}
      propertyPath: m_LocalPosition.z
      value: 0
      objectReference: {fileID: 0}
    - target: {fileID: 6171911423293707226, guid: cfd063499b6180d489b12da012c5b93d,
        type: 3}
      propertyPath: m_LocalRotation.w
      value: 1
      objectReference: {fileID: 0}
    - target: {fileID: 6171911423293707226, guid: cfd063499b6180d489b12da012c5b93d,
        type: 3}
      propertyPath: m_LocalRotation.x
      value: 0
      objectReference: {fileID: 0}
    - target: {fileID: 6171911423293707226, guid: cfd063499b6180d489b12da012c5b93d,
        type: 3}
      propertyPath: m_LocalRotation.y
      value: 0
      objectReference: {fileID: 0}
    - target: {fileID: 6171911423293707226, guid: cfd063499b6180d489b12da012c5b93d,
        type: 3}
      propertyPath: m_LocalRotation.z
      value: 0
      objectReference: {fileID: 0}
    - target: {fileID: 6171911423293707226, guid: cfd063499b6180d489b12da012c5b93d,
        type: 3}
      propertyPath: m_LocalEulerAnglesHint.x
      value: 0
      objectReference: {fileID: 0}
    - target: {fileID: 6171911423293707226, guid: cfd063499b6180d489b12da012c5b93d,
        type: 3}
      propertyPath: m_LocalEulerAnglesHint.y
      value: 0
      objectReference: {fileID: 0}
    - target: {fileID: 6171911423293707226, guid: cfd063499b6180d489b12da012c5b93d,
        type: 3}
      propertyPath: m_LocalEulerAnglesHint.z
      value: 0
      objectReference: {fileID: 0}
    m_RemovedComponents: []
  m_SourcePrefab: {fileID: 100100000, guid: cfd063499b6180d489b12da012c5b93d, type: 3}
--- !u!4 &667068897661979460 stripped
Transform:
  m_CorrespondingSourceObject: {fileID: 6171911423293707226, guid: cfd063499b6180d489b12da012c5b93d,
    type: 3}
  m_PrefabInstance: {fileID: 6694300806369400990}
  m_PrefabAsset: {fileID: 0}
