%YAML 1.1
%TAG !u! tag:unity3d.com,2011:
--- !u!1 &3358908200839857097
GameObject:
  m_ObjectHideFlags: 0
  m_CorrespondingSourceObject: {fileID: 0}
  m_PrefabInstance: {fileID: 0}
  m_PrefabAsset: {fileID: 0}
  serializedVersion: 6
  m_Component:
  - component: {fileID: 6484057532642390143}
  - component: {fileID: 6737854971985210746}
  - component: {fileID: 9222285440951944768}
  - component: {fileID: 9059230347167007792}
  - component: {fileID: 2575911638848327756}
  m_Layer: 0
  m_Name: Revolver Entity
  m_TagString: Untagged
  m_Icon: {fileID: 0}
  m_NavMeshLayer: 0
  m_StaticEditorFlags: 0
  m_IsActive: 1
--- !u!4 &6484057532642390143
Transform:
  m_ObjectHideFlags: 0
  m_CorrespondingSourceObject: {fileID: 0}
  m_PrefabInstance: {fileID: 0}
  m_PrefabAsset: {fileID: 0}
  m_GameObject: {fileID: 3358908200839857097}
  m_LocalRotation: {x: 0, y: 0, z: 0, w: 1}
  m_LocalPosition: {x: 0, y: 0, z: 0}
  m_LocalScale: {x: 1, y: 1, z: 1}
  m_ConstrainProportionsScale: 0
  m_Children:
  - {fileID: 5713752805581437137}
  - {fileID: 2432237186866343769}
  m_Father: {fileID: 0}
  m_RootOrder: 0
  m_LocalEulerAnglesHint: {x: 0, y: 0, z: 0}
--- !u!114 &6737854971985210746
MonoBehaviour:
  m_ObjectHideFlags: 0
  m_CorrespondingSourceObject: {fileID: 0}
  m_PrefabInstance: {fileID: 0}
  m_PrefabAsset: {fileID: 0}
  m_GameObject: {fileID: 3358908200839857097}
  m_Enabled: 1
  m_EditorHideFlags: 0
  m_Script: {fileID: 11500000, guid: 6e9d0b93cb7210f429824225722d8860, type: 3}
  m_Name: 
  m_EditorClassIdentifier: 
  _entityId: 
  _itemDefinitionObj: {fileID: 11400000, guid: 195043b27ccfc0b468704b48e5f4c3ed, type: 2}
--- !u!54 &9222285440951944768
Rigidbody:
  m_ObjectHideFlags: 0
  m_CorrespondingSourceObject: {fileID: 0}
  m_PrefabInstance: {fileID: 0}
  m_PrefabAsset: {fileID: 0}
  m_GameObject: {fileID: 3358908200839857097}
  serializedVersion: 2
  m_Mass: 5
  m_Drag: 0
  m_AngularDrag: 0.05
  m_UseGravity: 1
  m_IsKinematic: 0
  m_Interpolate: 0
  m_Constraints: 0
  m_CollisionDetection: 3
--- !u!114 &9059230347167007792
MonoBehaviour:
  m_ObjectHideFlags: 0
  m_CorrespondingSourceObject: {fileID: 0}
  m_PrefabInstance: {fileID: 0}
  m_PrefabAsset: {fileID: 0}
  m_GameObject: {fileID: 3358908200839857097}
  m_Enabled: 1
  m_EditorHideFlags: 0
  m_Script: {fileID: 11500000, guid: 15fa52700ee3b574bb5a04262fc1a35a, type: 3}
  m_Name: 
  m_EditorClassIdentifier: 
  _portalSuckInEnabled: 0
--- !u!114 &2575911638848327756
MonoBehaviour:
  m_ObjectHideFlags: 0
  m_CorrespondingSourceObject: {fileID: 0}
  m_PrefabInstance: {fileID: 0}
  m_PrefabAsset: {fileID: 0}
  m_GameObject: {fileID: 3358908200839857097}
  m_Enabled: 1
  m_EditorHideFlags: 0
  m_Script: {fileID: 11500000, guid: 37c631718501c8848918570086d10557, type: 3}
  m_Name: 
  m_EditorClassIdentifier: 
  _interactableDeciderObj: {fileID: 0}
  _itemEntityObj: {fileID: 6484057532642390143}
  _itemQuantity:
    _useInline: 1
    _inlineValue: 1
    _variable: {fileID: 0}
--- !u!1001 &650135245622757649
PrefabInstance:
  m_ObjectHideFlags: 0
  serializedVersion: 2
  m_Modification:
    m_TransformParent: {fileID: 9163044905805881719}
    m_Modifications:
    - target: {fileID: 1739394962399112461, guid: 4db7238a948a68d4f94279f05955bae3,
        type: 3}
      propertyPath: m_Name
      value: Revolver Body Cylinder
      objectReference: {fileID: 0}
    - target: {fileID: 6788519579386560173, guid: 4db7238a948a68d4f94279f05955bae3,
        type: 3}
      propertyPath: m_RootOrder
      value: 0
      objectReference: {fileID: 0}
    - target: {fileID: 6788519579386560173, guid: 4db7238a948a68d4f94279f05955bae3,
        type: 3}
      propertyPath: m_LocalPosition.x
      value: 0
      objectReference: {fileID: 0}
    - target: {fileID: 6788519579386560173, guid: 4db7238a948a68d4f94279f05955bae3,
        type: 3}
      propertyPath: m_LocalPosition.y
      value: 0
      objectReference: {fileID: 0}
    - target: {fileID: 6788519579386560173, guid: 4db7238a948a68d4f94279f05955bae3,
        type: 3}
      propertyPath: m_LocalPosition.z
      value: 0
      objectReference: {fileID: 0}
    - target: {fileID: 6788519579386560173, guid: 4db7238a948a68d4f94279f05955bae3,
        type: 3}
      propertyPath: m_LocalRotation.w
      value: 1
      objectReference: {fileID: 0}
    - target: {fileID: 6788519579386560173, guid: 4db7238a948a68d4f94279f05955bae3,
        type: 3}
      propertyPath: m_LocalRotation.x
      value: 0
      objectReference: {fileID: 0}
    - target: {fileID: 6788519579386560173, guid: 4db7238a948a68d4f94279f05955bae3,
        type: 3}
      propertyPath: m_LocalRotation.y
      value: 0
      objectReference: {fileID: 0}
    - target: {fileID: 6788519579386560173, guid: 4db7238a948a68d4f94279f05955bae3,
        type: 3}
      propertyPath: m_LocalRotation.z
      value: 0
      objectReference: {fileID: 0}
    - target: {fileID: 6788519579386560173, guid: 4db7238a948a68d4f94279f05955bae3,
        type: 3}
      propertyPath: m_LocalEulerAnglesHint.x
      value: 0
      objectReference: {fileID: 0}
    - target: {fileID: 6788519579386560173, guid: 4db7238a948a68d4f94279f05955bae3,
        type: 3}
      propertyPath: m_LocalEulerAnglesHint.y
      value: 0
      objectReference: {fileID: 0}
    - target: {fileID: 6788519579386560173, guid: 4db7238a948a68d4f94279f05955bae3,
        type: 3}
      propertyPath: m_LocalEulerAnglesHint.z
      value: 0
      objectReference: {fileID: 0}
    m_RemovedComponents: []
  m_SourcePrefab: {fileID: 100100000, guid: 4db7238a948a68d4f94279f05955bae3, type: 3}
--- !u!1001 &1706166316055285387
PrefabInstance:
  m_ObjectHideFlags: 0
  serializedVersion: 2
  m_Modification:
    m_TransformParent: {fileID: 6484057532642390143}
    m_Modifications:
    - target: {fileID: 3748873713049990598, guid: 09b020464bd20ac4e94750b6cbc0fafb,
        type: 3}
      propertyPath: m_Name
      value: Revolver Body
      objectReference: {fileID: 0}
    - target: {fileID: 3921667620123681234, guid: 09b020464bd20ac4e94750b6cbc0fafb,
        type: 3}
      propertyPath: m_RootOrder
      value: 1
      objectReference: {fileID: 0}
    - target: {fileID: 3921667620123681234, guid: 09b020464bd20ac4e94750b6cbc0fafb,
        type: 3}
      propertyPath: m_LocalPosition.x
      value: 0
      objectReference: {fileID: 0}
    - target: {fileID: 3921667620123681234, guid: 09b020464bd20ac4e94750b6cbc0fafb,
        type: 3}
      propertyPath: m_LocalPosition.y
      value: -0.0089
      objectReference: {fileID: 0}
    - target: {fileID: 3921667620123681234, guid: 09b020464bd20ac4e94750b6cbc0fafb,
        type: 3}
      propertyPath: m_LocalPosition.z
      value: 0
      objectReference: {fileID: 0}
    - target: {fileID: 3921667620123681234, guid: 09b020464bd20ac4e94750b6cbc0fafb,
        type: 3}
      propertyPath: m_LocalRotation.w
      value: 1
      objectReference: {fileID: 0}
    - target: {fileID: 3921667620123681234, guid: 09b020464bd20ac4e94750b6cbc0fafb,
        type: 3}
      propertyPath: m_LocalRotation.x
      value: 0
      objectReference: {fileID: 0}
    - target: {fileID: 3921667620123681234, guid: 09b020464bd20ac4e94750b6cbc0fafb,
        type: 3}
      propertyPath: m_LocalRotation.y
      value: 0
      objectReference: {fileID: 0}
    - target: {fileID: 3921667620123681234, guid: 09b020464bd20ac4e94750b6cbc0fafb,
        type: 3}
      propertyPath: m_LocalRotation.z
      value: 0
      objectReference: {fileID: 0}
    - target: {fileID: 3921667620123681234, guid: 09b020464bd20ac4e94750b6cbc0fafb,
        type: 3}
      propertyPath: m_LocalEulerAnglesHint.x
      value: 0
      objectReference: {fileID: 0}
    - target: {fileID: 3921667620123681234, guid: 09b020464bd20ac4e94750b6cbc0fafb,
        type: 3}
      propertyPath: m_LocalEulerAnglesHint.y
      value: 0
      objectReference: {fileID: 0}
    - target: {fileID: 3921667620123681234, guid: 09b020464bd20ac4e94750b6cbc0fafb,
        type: 3}
      propertyPath: m_LocalEulerAnglesHint.z
      value: 0
      objectReference: {fileID: 0}
    m_RemovedComponents: []
  m_SourcePrefab: {fileID: 100100000, guid: 09b020464bd20ac4e94750b6cbc0fafb, type: 3}
--- !u!4 &2432237186866343769 stripped
Transform:
  m_CorrespondingSourceObject: {fileID: 3921667620123681234, guid: 09b020464bd20ac4e94750b6cbc0fafb,
    type: 3}
  m_PrefabInstance: {fileID: 1706166316055285387}
  m_PrefabAsset: {fileID: 0}
--- !u!1001 &6753634294425360186
PrefabInstance:
  m_ObjectHideFlags: 0
  serializedVersion: 2
  m_Modification:
    m_TransformParent: {fileID: 6484057532642390143}
    m_Modifications:
    - target: {fileID: 1365410358533828587, guid: d422cfb61510d684a858359042b8c22b,
        type: 3}
      propertyPath: m_RootOrder
      value: 0
      objectReference: {fileID: 0}
    - target: {fileID: 1365410358533828587, guid: d422cfb61510d684a858359042b8c22b,
        type: 3}
      propertyPath: m_LocalScale.y
      value: 1
      objectReference: {fileID: 0}
    - target: {fileID: 1365410358533828587, guid: d422cfb61510d684a858359042b8c22b,
        type: 3}
      propertyPath: m_LocalPosition.x
      value: 0
      objectReference: {fileID: 0}
    - target: {fileID: 1365410358533828587, guid: d422cfb61510d684a858359042b8c22b,
        type: 3}
      propertyPath: m_LocalPosition.y
      value: -0.0089
      objectReference: {fileID: 0}
    - target: {fileID: 1365410358533828587, guid: d422cfb61510d684a858359042b8c22b,
        type: 3}
      propertyPath: m_LocalPosition.z
      value: 0
      objectReference: {fileID: 0}
    - target: {fileID: 1365410358533828587, guid: d422cfb61510d684a858359042b8c22b,
        type: 3}
      propertyPath: m_LocalRotation.w
      value: 1
      objectReference: {fileID: 0}
    - target: {fileID: 1365410358533828587, guid: d422cfb61510d684a858359042b8c22b,
        type: 3}
      propertyPath: m_LocalRotation.x
      value: 0
      objectReference: {fileID: 0}
    - target: {fileID: 1365410358533828587, guid: d422cfb61510d684a858359042b8c22b,
        type: 3}
      propertyPath: m_LocalRotation.y
      value: 0
      objectReference: {fileID: 0}
    - target: {fileID: 1365410358533828587, guid: d422cfb61510d684a858359042b8c22b,
        type: 3}
      propertyPath: m_LocalRotation.z
      value: 0
      objectReference: {fileID: 0}
    - target: {fileID: 1365410358533828587, guid: d422cfb61510d684a858359042b8c22b,
        type: 3}
      propertyPath: m_LocalEulerAnglesHint.x
      value: 0
      objectReference: {fileID: 0}
    - target: {fileID: 1365410358533828587, guid: d422cfb61510d684a858359042b8c22b,
        type: 3}
      propertyPath: m_LocalEulerAnglesHint.y
      value: 0
      objectReference: {fileID: 0}
    - target: {fileID: 1365410358533828587, guid: d422cfb61510d684a858359042b8c22b,
        type: 3}
      propertyPath: m_LocalEulerAnglesHint.z
      value: 0
      objectReference: {fileID: 0}
    - target: {fileID: 8769469608436265269, guid: d422cfb61510d684a858359042b8c22b,
        type: 3}
      propertyPath: m_Name
      value: Revolver Model
      objectReference: {fileID: 0}
    m_RemovedComponents: []
  m_SourcePrefab: {fileID: 100100000, guid: d422cfb61510d684a858359042b8c22b, type: 3}
--- !u!4 &5713752805581437137 stripped
Transform:
  m_CorrespondingSourceObject: {fileID: 1365410358533828587, guid: d422cfb61510d684a858359042b8c22b,
    type: 3}
  m_PrefabInstance: {fileID: 6753634294425360186}
  m_PrefabAsset: {fileID: 0}
--- !u!4 &9163044905805881719 stripped
Transform:
  m_CorrespondingSourceObject: {fileID: 2490515130976941645, guid: d422cfb61510d684a858359042b8c22b,
    type: 3}
  m_PrefabInstance: {fileID: 6753634294425360186}
  m_PrefabAsset: {fileID: 0}
