%YAML 1.1
%TAG !u! tag:unity3d.com,2011:
--- !u!1 &4549162525074095046
GameObject:
  m_ObjectHideFlags: 0
  m_CorrespondingSourceObject: {fileID: 0}
  m_PrefabInstance: {fileID: 0}
  m_PrefabAsset: {fileID: 0}
  serializedVersion: 6
  m_Component:
  - component: {fileID: 6454465268550664917}
  m_Layer: 0
  m_Name: Pentagram Wall
  m_TagString: Untagged
  m_Icon: {fileID: 0}
  m_NavMeshLayer: 0
  m_StaticEditorFlags: 0
  m_IsActive: 1
--- !u!4 &6454465268550664917
Transform:
  m_ObjectHideFlags: 0
  m_CorrespondingSourceObject: {fileID: 0}
  m_PrefabInstance: {fileID: 0}
  m_PrefabAsset: {fileID: 0}
  m_GameObject: {fileID: 4549162525074095046}
  m_LocalRotation: {x: 0, y: 0, z: 0, w: 1}
  m_LocalPosition: {x: 0, y: 0, z: -5}
  m_LocalScale: {x: 1, y: 1, z: 1}
  m_ConstrainProportionsScale: 0
  m_Children:
  - {fileID: 8339540655704232320}
  - {fileID: 7605699900612817753}
  - {fileID: 6879735844586534489}
  - {fileID: 5548104164925418073}
  m_Father: {fileID: 0}
  m_RootOrder: 0
  m_LocalEulerAnglesHint: {x: 0, y: 0, z: 0}
--- !u!1001 &522948731053190890
PrefabInstance:
  m_ObjectHideFlags: 0
  serializedVersion: 2
  m_Modification:
    m_TransformParent: {fileID: 6454465268550664917}
    m_Modifications:
    - target: {fileID: 6383400581209026464, guid: 0f93efb4b1231124493bc770e2622ca1,
        type: 3}
      propertyPath: m_Name
      value: WallIn_C_3x
      objectReference: {fileID: 0}
    - target: {fileID: 7984104625331150259, guid: 0f93efb4b1231124493bc770e2622ca1,
        type: 3}
      propertyPath: m_RootOrder
      value: 1
      objectReference: {fileID: 0}
    - target: {fileID: 7984104625331150259, guid: 0f93efb4b1231124493bc770e2622ca1,
        type: 3}
      propertyPath: m_LocalPosition.x
      value: 3
      objectReference: {fileID: 0}
    - target: {fileID: 7984104625331150259, guid: 0f93efb4b1231124493bc770e2622ca1,
        type: 3}
      propertyPath: m_LocalPosition.y
      value: 0
      objectReference: {fileID: 0}
    - target: {fileID: 7984104625331150259, guid: 0f93efb4b1231124493bc770e2622ca1,
        type: 3}
      propertyPath: m_LocalPosition.z
      value: 0
      objectReference: {fileID: 0}
    - target: {fileID: 7984104625331150259, guid: 0f93efb4b1231124493bc770e2622ca1,
        type: 3}
      propertyPath: m_LocalRotation.w
      value: 1
      objectReference: {fileID: 0}
    - target: {fileID: 7984104625331150259, guid: 0f93efb4b1231124493bc770e2622ca1,
        type: 3}
      propertyPath: m_LocalRotation.x
      value: -0
      objectReference: {fileID: 0}
    - target: {fileID: 7984104625331150259, guid: 0f93efb4b1231124493bc770e2622ca1,
        type: 3}
      propertyPath: m_LocalRotation.y
      value: -0
      objectReference: {fileID: 0}
    - target: {fileID: 7984104625331150259, guid: 0f93efb4b1231124493bc770e2622ca1,
        type: 3}
      propertyPath: m_LocalRotation.z
      value: -0
      objectReference: {fileID: 0}
    - target: {fileID: 7984104625331150259, guid: 0f93efb4b1231124493bc770e2622ca1,
        type: 3}
      propertyPath: m_LocalEulerAnglesHint.x
      value: 0
      objectReference: {fileID: 0}
    - target: {fileID: 7984104625331150259, guid: 0f93efb4b1231124493bc770e2622ca1,
        type: 3}
      propertyPath: m_LocalEulerAnglesHint.y
      value: 0
      objectReference: {fileID: 0}
    - target: {fileID: 7984104625331150259, guid: 0f93efb4b1231124493bc770e2622ca1,
        type: 3}
      propertyPath: m_LocalEulerAnglesHint.z
      value: 0
      objectReference: {fileID: 0}
    m_RemovedComponents: []
  m_SourcePrefab: {fileID: 100100000, guid: 0f93efb4b1231124493bc770e2622ca1, type: 3}
--- !u!4 &7605699900612817753 stripped
Transform:
  m_CorrespondingSourceObject: {fileID: 7984104625331150259, guid: 0f93efb4b1231124493bc770e2622ca1,
    type: 3}
  m_PrefabInstance: {fileID: 522948731053190890}
  m_PrefabAsset: {fileID: 0}
--- !u!1001 &3581636682911362026
PrefabInstance:
  m_ObjectHideFlags: 0
  serializedVersion: 2
  m_Modification:
    m_TransformParent: {fileID: 6454465268550664917}
    m_Modifications:
    - target: {fileID: 6383400581209026464, guid: 0f93efb4b1231124493bc770e2622ca1,
        type: 3}
      propertyPath: m_Name
      value: WallIn_C_3x (1)
      objectReference: {fileID: 0}
    - target: {fileID: 7984104625331150259, guid: 0f93efb4b1231124493bc770e2622ca1,
        type: 3}
      propertyPath: m_RootOrder
      value: 2
      objectReference: {fileID: 0}
    - target: {fileID: 7984104625331150259, guid: 0f93efb4b1231124493bc770e2622ca1,
        type: 3}
      propertyPath: m_LocalPosition.x
      value: -3
      objectReference: {fileID: 0}
    - target: {fileID: 7984104625331150259, guid: 0f93efb4b1231124493bc770e2622ca1,
        type: 3}
      propertyPath: m_LocalPosition.y
      value: 0
      objectReference: {fileID: 0}
    - target: {fileID: 7984104625331150259, guid: 0f93efb4b1231124493bc770e2622ca1,
        type: 3}
      propertyPath: m_LocalPosition.z
      value: 0
      objectReference: {fileID: 0}
    - target: {fileID: 7984104625331150259, guid: 0f93efb4b1231124493bc770e2622ca1,
        type: 3}
      propertyPath: m_LocalRotation.w
      value: 1
      objectReference: {fileID: 0}
    - target: {fileID: 7984104625331150259, guid: 0f93efb4b1231124493bc770e2622ca1,
        type: 3}
      propertyPath: m_LocalRotation.x
      value: -0
      objectReference: {fileID: 0}
    - target: {fileID: 7984104625331150259, guid: 0f93efb4b1231124493bc770e2622ca1,
        type: 3}
      propertyPath: m_LocalRotation.y
      value: -0
      objectReference: {fileID: 0}
    - target: {fileID: 7984104625331150259, guid: 0f93efb4b1231124493bc770e2622ca1,
        type: 3}
      propertyPath: m_LocalRotation.z
      value: -0
      objectReference: {fileID: 0}
    - target: {fileID: 7984104625331150259, guid: 0f93efb4b1231124493bc770e2622ca1,
        type: 3}
      propertyPath: m_LocalEulerAnglesHint.x
      value: 0
      objectReference: {fileID: 0}
    - target: {fileID: 7984104625331150259, guid: 0f93efb4b1231124493bc770e2622ca1,
        type: 3}
      propertyPath: m_LocalEulerAnglesHint.y
      value: 0
      objectReference: {fileID: 0}
    - target: {fileID: 7984104625331150259, guid: 0f93efb4b1231124493bc770e2622ca1,
        type: 3}
      propertyPath: m_LocalEulerAnglesHint.z
      value: 0
      objectReference: {fileID: 0}
    m_RemovedComponents: []
  m_SourcePrefab: {fileID: 100100000, guid: 0f93efb4b1231124493bc770e2622ca1, type: 3}
--- !u!4 &6879735844586534489 stripped
Transform:
  m_CorrespondingSourceObject: {fileID: 7984104625331150259, guid: 0f93efb4b1231124493bc770e2622ca1,
    type: 3}
  m_PrefabInstance: {fileID: 3581636682911362026}
  m_PrefabAsset: {fileID: 0}
--- !u!1001 &4787325350848491399
PrefabInstance:
  m_ObjectHideFlags: 0
  serializedVersion: 2
  m_Modification:
    m_TransformParent: {fileID: 6454465268550664917}
    m_Modifications:
    - target: {fileID: 1049668966478595550, guid: 6a27524293c9c4a49860095f391638b2,
        type: 3}
      propertyPath: m_RootOrder
      value: 3
      objectReference: {fileID: 0}
    - target: {fileID: 1049668966478595550, guid: 6a27524293c9c4a49860095f391638b2,
        type: 3}
      propertyPath: m_LocalPosition.x
      value: -3.58
      objectReference: {fileID: 0}
    - target: {fileID: 1049668966478595550, guid: 6a27524293c9c4a49860095f391638b2,
        type: 3}
      propertyPath: m_LocalPosition.y
      value: 0
      objectReference: {fileID: 0}
    - target: {fileID: 1049668966478595550, guid: 6a27524293c9c4a49860095f391638b2,
        type: 3}
      propertyPath: m_LocalPosition.z
      value: 0.075
      objectReference: {fileID: 0}
    - target: {fileID: 1049668966478595550, guid: 6a27524293c9c4a49860095f391638b2,
        type: 3}
      propertyPath: m_LocalRotation.w
      value: 0.95105654
      objectReference: {fileID: 0}
    - target: {fileID: 1049668966478595550, guid: 6a27524293c9c4a49860095f391638b2,
        type: 3}
      propertyPath: m_LocalRotation.x
      value: 0
      objectReference: {fileID: 0}
    - target: {fileID: 1049668966478595550, guid: 6a27524293c9c4a49860095f391638b2,
        type: 3}
      propertyPath: m_LocalRotation.y
      value: 0.309017
      objectReference: {fileID: 0}
    - target: {fileID: 1049668966478595550, guid: 6a27524293c9c4a49860095f391638b2,
        type: 3}
      propertyPath: m_LocalRotation.z
      value: 0
      objectReference: {fileID: 0}
    - target: {fileID: 1049668966478595550, guid: 6a27524293c9c4a49860095f391638b2,
        type: 3}
      propertyPath: m_LocalEulerAnglesHint.x
      value: 0
      objectReference: {fileID: 0}
    - target: {fileID: 1049668966478595550, guid: 6a27524293c9c4a49860095f391638b2,
        type: 3}
      propertyPath: m_LocalEulerAnglesHint.y
      value: 36
      objectReference: {fileID: 0}
    - target: {fileID: 1049668966478595550, guid: 6a27524293c9c4a49860095f391638b2,
        type: 3}
      propertyPath: m_LocalEulerAnglesHint.z
      value: 0
      objectReference: {fileID: 0}
    - target: {fileID: 4092212429690484685, guid: 6a27524293c9c4a49860095f391638b2,
        type: 3}
      propertyPath: m_Name
      value: WallIn_C_columnhalf_large
      objectReference: {fileID: 0}
    m_RemovedComponents: []
  m_SourcePrefab: {fileID: 100100000, guid: 6a27524293c9c4a49860095f391638b2, type: 3}
--- !u!4 &5548104164925418073 stripped
Transform:
  m_CorrespondingSourceObject: {fileID: 1049668966478595550, guid: 6a27524293c9c4a49860095f391638b2,
    type: 3}
  m_PrefabInstance: {fileID: 4787325350848491399}
  m_PrefabAsset: {fileID: 0}
--- !u!1001 &8140951618690115550
PrefabInstance:
  m_ObjectHideFlags: 0
  serializedVersion: 2
  m_Modification:
    m_TransformParent: {fileID: 6454465268550664917}
    m_Modifications:
    - target: {fileID: 236008349576443486, guid: b0192651d1ae85447a077a0835004e07,
        type: 3}
      propertyPath: m_RootOrder
      value: 0
      objectReference: {fileID: 0}
    - target: {fileID: 236008349576443486, guid: b0192651d1ae85447a077a0835004e07,
        type: 3}
      propertyPath: m_LocalPosition.x
      value: 0
      objectReference: {fileID: 0}
    - target: {fileID: 236008349576443486, guid: b0192651d1ae85447a077a0835004e07,
        type: 3}
      propertyPath: m_LocalPosition.y
      value: 0
      objectReference: {fileID: 0}
    - target: {fileID: 236008349576443486, guid: b0192651d1ae85447a077a0835004e07,
        type: 3}
      propertyPath: m_LocalPosition.z
      value: 0
      objectReference: {fileID: 0}
    - target: {fileID: 236008349576443486, guid: b0192651d1ae85447a077a0835004e07,
        type: 3}
      propertyPath: m_LocalRotation.w
      value: 1
      objectReference: {fileID: 0}
    - target: {fileID: 236008349576443486, guid: b0192651d1ae85447a077a0835004e07,
        type: 3}
      propertyPath: m_LocalRotation.x
      value: -0
      objectReference: {fileID: 0}
    - target: {fileID: 236008349576443486, guid: b0192651d1ae85447a077a0835004e07,
        type: 3}
      propertyPath: m_LocalRotation.y
      value: -0
      objectReference: {fileID: 0}
    - target: {fileID: 236008349576443486, guid: b0192651d1ae85447a077a0835004e07,
        type: 3}
      propertyPath: m_LocalRotation.z
      value: -0
      objectReference: {fileID: 0}
    - target: {fileID: 236008349576443486, guid: b0192651d1ae85447a077a0835004e07,
        type: 3}
      propertyPath: m_LocalEulerAnglesHint.x
      value: 0
      objectReference: {fileID: 0}
    - target: {fileID: 236008349576443486, guid: b0192651d1ae85447a077a0835004e07,
        type: 3}
      propertyPath: m_LocalEulerAnglesHint.y
      value: 0
      objectReference: {fileID: 0}
    - target: {fileID: 236008349576443486, guid: b0192651d1ae85447a077a0835004e07,
        type: 3}
      propertyPath: m_LocalEulerAnglesHint.z
      value: 0
      objectReference: {fileID: 0}
    - target: {fileID: 3827252156920054861, guid: b0192651d1ae85447a077a0835004e07,
        type: 3}
      propertyPath: m_Name
      value: WallIn_C_3x_door
      objectReference: {fileID: 0}
    m_RemovedComponents: []
  m_SourcePrefab: {fileID: 100100000, guid: b0192651d1ae85447a077a0835004e07, type: 3}
--- !u!4 &8339540655704232320 stripped
Transform:
  m_CorrespondingSourceObject: {fileID: 236008349576443486, guid: b0192651d1ae85447a077a0835004e07,
    type: 3}
  m_PrefabInstance: {fileID: 8140951618690115550}
  m_PrefabAsset: {fileID: 0}
